2217 2829
982 340 1183 380 vaul.

162 451 459 501 Theodericus,
493 453 714 503 episcopus
747 452 1057 502 Olonna-ensis,
1086 450 1298 504 fratribus
1330 451 1561 491 minoribus
1594 453 1786 492 com-edit
1815 456 2011 507 faculta-

157 523 236 558 tem
286 521 327 558 ἰη
369 531 448 557 sua
490 519 671 558 dioecese·
717 519 889 558 rerbum
930 519 998 558 dei
1044 519 1326 570 praedicande·
1371 523 1410 558 ee
1461 522 1746 573 ‹·onsi¹3.s·.s·e'ones
1791 523 2009 563 audiendi.

462 588 579 626 Data
613 589 656 626 ἱη
688 587 893 626 ,nodi-ica
927 588 974 626 X
982 587 1030 626 V.
1065 587 1288 626 Kalendas
1320 587 1523 627 Octobris.
1564 589 1703 628 1231.

311 695 398 744 Tb.
448 707 524 745 Dei
567 707 706 759 gratia
751 705 1036 745 Olomucensis
1086 706 1319 757 Episcopus
1363 708 1571 746 vniuersis
1614 707 1769 748 Christi
1820 709 2008 751 fidelibus

156 786 230 824 per
263 780 442 812 nostram
488 773 697 823 dyocesim
739 774 972 812 constitutis
1015 774 1186 813 salutem
1231 775 1270 813 in
1312 776 1483 814 omnium
1519 776 1742 816 saluatore.
1807 778 2006 826 Quoniam

156 846 199 879 vt
231 842 287 879 ait
320 843 502 892 sapiens.
566 841 771 880 ‚ludicium
812 842 1103 895 grauissimum
1144 840 1209 880 fiet
1252 843 1291 880 in
1329 842 1408 892 hijs
1451 844 1517 894 qui
1553 852 1741 897 presunt7
1784 847 1893 897 quod
1926 859 2008 886 non

154 914 307 947 tantum
342 922 414 960 pro
448 921 495 948 se
534 911 652 960 ipsis.
696 921 837 948 verum
880 910 1007 948 eciam
1050 922 1124 960 pro
1165 910 1243 948 sibi
1282 910 1456 949 subditis
1498 923 1635 950 coram
1677 926 1829 952 summo
1871 915 2006 955 iudice

154 976 351 1016 reddituri
387 983 481 1016 sunt
517 979 726 1016 rationem.
760 989 903 1017 verum
937 990 1024 1015 cum
1060 978 1267 1027 plantatus
1300 979 1339 1016 in
1373 990 1481 1031 agro
1516 980 1697 1019 ecclesie
1731 979 1901 1020 fratrum
1929 985 2004 1022 mi-

154 1056 295 1083 norum
330 1045 430 1083 ordo
464 1046 524 1083 sir
559 1059 578 1082 a
615 1047 702 1083 suis
737 1044 964 1095 primordiis
997 1046 1137 1098 gratia
1163 1052 1360 1096 operante
1395 1046 1531 1085 diuina
1558 1048 1831 1088 laudabilibus
1864 1051 2005 1090 incre-

154 1113 299 1151 mentis
333 1114 577 1151 successiue
612 1112 833 1163 profecerit
877 1113 983 1164 quod
1017 1113 1185 1151 assidue
1227 1112 1446 1164 proferens
1486 1113 1607 1154 flores
1650 1118 1892 1167 copiosioris
1926 1119 2003 1158 lio-

153 1182 328 1218 nestatis
372 1187 409 1219 et
458 1181 692 1231 producens
736 1182 903 1219 uberius
945 1180 1103 1220 fructus
1149 1183 1235 1220 vite
1281 1183 1387 1221 inter
1433 1184 1512 1221 alia
1556 1184 1760 1235 plantaria
1804 1186 2001 1226 dominica

151 1249 329 1298 puritate
364 1250 724 1301 conuersacionis7
767 1250 940 1287 scientie
975 1249 1079 1288 dono
1122 1254 1163 1288 et
1196 1251 1358 1288 virtutis
1397 1252 1538 1289 merito
1573 1252 1799 1291 dinoscitur
1833 1257 2001 1305 specia-

151 1317 245 1354 liter
279 1317 519 1370 insignitus.
555 1317 664 1356 vnde
698 1329 772 1356 nos
806 1318 843 1355 in
878 1318 967 1368 ipso
1001 1318 1294 1370 agrocultores
1328 1319 1425 1358 licet
1458 1320 1641 1358 immeriti
1675 1333 1699 1358 a
1733 1321 1891 1361 domino
1925 1324 2002 1361 de-

151 1385 293 1434 putati.
328 1385 501 1423 dilectos
537 1387 573 1423 in
610 1384 776 1425 Christo
811 1384 993 1424 eiusdem
1027 1385 1181 1423 ordinis
1215 1384 1368 1425 fratres
1401 1392 1602 1438 tamquam
1628 1388 1758 1428 bonos
1792 1394 1833 1429 et
1857 1389 2001 1430 fideles

150 1458 443 1502 cooperatores
487 1458 525 1491 et
569 1454 881 1504 subportatores
923 1453 1089 1491 honoris
1128 1454 1257 1491 nostri
1301 1455 1367 1504 qui
1411 1455 1528 1493 nobis
1571 1467 1624 1494 ex
1667 1469 1767 1495 cura
1808 1459 2000 1497 incumbit

148 1521 384 1558 animarum.
421 1532 524 1571 quos
558 1522 596 1558 in
631 1522 822 1559 auxilium
857 1524 1036 1560 nostrum
1071 1521 1255 1559 dominus
1289 1523 1392 1560 misit
1427 1529 1464 1561 et
1500 1523 1626 1562 sedes
1659 1527 1887 1576 apostolica
1923 1527 1999 1566 de-

149 1589 326 1639 putauit7
369 1588 521 1641 grandi
567 1588 710 1628 l'auore
744 1589 935 1639 prosequi
977 1590 1235 1639 proponimus
1278 1596 1318 1628 et
1353 1593 1653 1640 promocionem
1697 1594 1872 1644 ipsorum
1909 1597 1997 1649 iugi

149 1655 392 1709 diligentius
426 1656 560 1695 studio
595 1668 830 1706 procurare.
895 1656 1010 1696 Sane
1048 1669 1135 1695 cum
1179 1670 1250 1708 pro
1292 1658 1532 1706 ydoneitate
1575 1660 1730 1699 ordinis
1773 1663 1998 1713 supradicti

149 1724 249 1773 ipsis
284 1722 479 1762 fratribus
518 1724 748 1762 Minoribus
790 1726 1033 1764 auctoritate
1075 1725 1188 1764 sedis
1226 1727 1452 1776 apostolice
1497 1728 1549 1765 sit
1589 1728 1783 1767 indultum
1829 1732 1997 1770 verbum

149 1791 213 1828 dei
251 1803 481 1841 proponere
516 1798 554 1830 et
588 1790 874 1831 consessiones
908 1793 1037 1832 libere
1070 1793 1213 1832 audire
1254 1807 1302 1833 ac
1336 1796 1583 1845 penitentias
1623 1797 1846 1850 iniungere
1880 1800 1997 1838 salu-

148 1865 275 1910 tares„
311 1871 383 1897 nos
418 1872 470 1898 ex
506 1860 573 1897 tali
608 1861 890 1899 commissione
925 1861 1076 1899 lucrum
1111 1863 1331 1900 animarum
1366 1864 1629 1904 attendentes
1663 1867 1884 1915 prouenire
1908 1880 1996 1906 ma-

148 1928 257 1965 xime
291 1940 379 1966 cum
422 1928 606 1977 pluribus
649 1929 791 1967 irretiti
835 1930 1025 1979 negociis
1068 1930 1252 1967 omnibus
1295 1931 1445 1968 talibus
1486 1931 1680 1971 sufficere
1723 1935 1996 1983 personaliter

149 2007 226 2034 non
263 1997 478 2045 possimus.
514 1995 821 2035 uniuersitatem
859 2001 1036 2034 vestram
1073 1998 1109 2034 in
1146 1997 1303 2035 domino
1337 1998 1524 2038 (luximus
1557 2001 1761 2040 attencius
1795 2007 1995 2041 exortan-

148 2063 261 2115 dam,
310 2069 514 2114 quatenus
557 2063 604 2100 ad
643 2062 792 2102 fratres
827 2063 1033 2114 predictos
1076 2070 1274 2115 tamquam
1309 2066 1374 2104 Ad
1411 2068 1564 2117 peritos
1606 2072 1647 2106 et
1680 2068 1872 2108 salubres
1905 2082 1993 2109 me-

147 2131 260 2169 dicos
295 2132 513 2169 animarum
550 2144 620 2181 pro
655 2132 837 2181 consilijs
873 2139 911 2169 et
946 2131 1277 2171 confessionibus
1311 2132 1570 2185 frequentius
1595 2135 1806 2175 accedatis
1841 2149 1991 2188 recep—

147 2200 223 2236 turi
259 2200 309 2237 ab
344 2201 404 2238 eis
437 2206 664 2237 uestrorum
693 2199 887 2238 medelam
916 2206 1189 2250 peccatorum.
1225 2203 1438 2250 presertim
1464 2214 1551 2240 cum
1582 2203 1681 2252 ipsis
1715 2205 1752 2241 in
1781 2206 1990 2254 premissis

148 2278 221 2317 per
254 2272 375 2305 totam
411 2273 586 2305 nostram
632 2267 838 2316 ‹lym-esim
884 2268 1040 2318 plenam
1086 2280 1163 2318 qua
1199 2281 1250 2306 ex
1285 2268 1416 2307 ol'licio
1460 2274 1599 2308 nostro
1634 2269 1845 2324 fungimur
1877 2285 1989 2311 com-

147 2335 373 2373 miserimus
418 2340 673 2385 potestatem.
738 2335 782 2373 Si
828 2337 893 2386 qui
938 2337 1062 2373 eciam
1107 2336 1344 2374 ‹lenocionis
1387 2339 1551 2375 accensi
1594 2339 1739 2389 gracia
1785 2340 1989 2379 noluerint

149 2403 302 2452 possint
337 2415 359 2439 a
395 2402 618 2451 sepedictis
661 2401 855 2440 fratribus
889 2403 1073 2442 dominici
1111 2402 1308 2453 (¹orporis
1351 2406 1565 2455 percipere
1607 2412 1903 2445 sacramentum
1939 2419 1988 2446 eo

146 2470 262 2509 saluo
306 2469 411 2520 quod
457 2471 493 2506 in
530 2470 681 2520 pascha
726 2483 796 2520 pro
839 2472 1115 2509 connnunione
1158 2472 1341 2521 corporis
1385 2472 1541 2509 Domini
1586 2484 1633 2510 se
1675 2474 1761 2510 suis
1800 2474 1986 2522 plebanis

148 2537 348 2576 humiliter
382 2543 686 2587 representent.
734 2537 818 2576 Sed
862 2550 914 2576 ne
948 2550 999 2576 ex
1035 2539 1152 2576 liuius
1195 2543 1334 2577 nostre
1376 2540 1668 2578 commissionis
1711 2539 1841 2579 officio
1881 2543 1986 2581 inter

1510 2610 1573 2649 35
