2258 2844
158 311 257 348 siam
292 310 330 347 in
354 308 471 347 Noua
498 308 678 346 ecclesia
712 312 912 358 perpetuo
947 307 1163 357 pertineat.
1199 311 1239 346 et
1264 307 1467 358 plebanus
1496 309 1800 351 Noueecclesie
1828 314 2014 364 predicte

159 378 197 415 in
234 377 532 415 U'oianowicz
577 375 757 414 ecclesie
805 374 856 414 de
900 375 1052 413 uicario
1096 374 1244 413 debeat
1282 376 1515 426 prouidere.
1555 377 1744 417 babendo
1778 381 1938 431 plenam
1973 384 2010 421 in

157 446 245 495 ipsa
284 444 583 483 u'oianowicz
623 443 802 481 ecclesia
845 440 1080 481 facultatem
1120 443 1356 481 instituendi
1398 450 1435 483 et
1480 444 1727 484 destituendi
1768 450 2012 501 quicumque

157 513 235 551 sibi
269 519 309 551 et
343 512 525 551 ecclesie
557 510 764 549 uidebitur
798 516 1032 560 competere
1066 522 1114 547 ac
1141 510 1296 549 ualere.
1333 513 1399 562 qui
1425 513 1552 551 eciam
1576 515 1756 552 uicarIus
1784 517 2009 570 insignum

156 579 435 618 subieccionis
470 582 509 616 et
545 576 757 616 filiacionis
792 578 830 615 in
866 578 1078 616 solucione
1113 577 1367 617 determinati
1398 592 1550 619 census
1571 588 1685 631 prout
1709 583 1784 621 sibi
1811 585 2010 634 placuerit

155 647 269 685 iuxta
304 647 484 685 ualorem
521 650 561 684 et
594 645 905 696 possibilitatem
941 645 1123 683 ecclesie
1150 646 1335 696 predicte
1363 648 1400 685 111
1425 648 1719 688 Woianowiez
1743 650 1902 700 prefate
1922 666 2009 692 ma-

155 715 246 752 trici
281 714 462 753 ecclesie
496 714 614 751 annis
648 713 830 766 singulis
864 713 1071 752 tenebitur
1112 714 1381 764 respondere.
1447 717 1500 754 Et
1532 723 1574 755 ut
1608 717 1710 756 idem
1747 721 1925 759 uicarius
1960 722 2011 762 de

157 782 423 833 prouentibus
458 781 640 820 eiusdem
674 780 880 819 commode
914 781 1051 819 ualeat
1085 784 1322 821 sustentari.
1372 796 1491 822 vnum
1536 798 1714 824 mansum
1757 788 1903 827 ibidem
1938 803 2010 840 pro

155 849 250 889 dote
284 850 414 889 eidem
450 850 630 888 ecclesie
665 849 860 887 donamus
896 849 1026 888 libere
1059 862 1107 887 ac
1140 857 1339 901 perpetuo
1375 852 1676 901 possidendum.
1740 856 1875 896 Alium
1910 870 2009 908 pre-

153 923 267 957 terea
303 930 482 956 mansum
517 918 554 955 in
592 917 1019 967 recompensacionem
1054 917 1247 957 offertorii
1284 927 1323 958 et
1350 921 1517 959 aliorum
1545 931 1812 971 prouentuum
1835 926 2008 975 plebano

153 986 271 1025 Noue
305 986 485 1025 ecclesie
524 985 670 1024 ibidem
712 985 939 1024 addidimus
982 986 1152 1025 liberum
1194 999 1320 1037 super
1362 988 1463 1026 duos
1507 1001 1610 1040 quos
1652 999 1771 1031 antea
1808 993 2009 1034 babuerat

152 1067 316 1093 mansos
359 1054 519 1093 dotales
569 1054 758 1092 uolentes
802 1059 843 1092 ut
885 1065 1025 1093 omnes
1068 1054 1161 1092 dicti
1205 1057 1332 1093 mansi
1376 1057 1424 1094 ad
1471 1056 1601 1096 dotem
1655 1060 1782 1109 ipsius
1828 1063 2009 1102 ecclesie

152 1128 349 1173 perpetuo
394 1122 571 1161 debeant
613 1123 835 1172 pertinere.
910 1120 1104 1161 Ceterum
1147 1123 1285 1161 uillani
1330 1124 1437 1162 dicte
1480 1126 1578 1164 uille
1620 1127 1913 1169 *svoianowicz
1957 1133 2006 1170 ad

151 1191 400 1229 solucionem
445 1191 651 1241 duplicate
693 1202 855 1229 annone
898 1191 1074 1229 missalis
1116 1192 1234 1229 annis
1277 1193 1457 1245 singulis
1500 1195 1661 1245 utrique
1700 1198 1880 1236 ecclesie
1914 1208 2007 1238 sunt

151 1259 321 1296 astricti.
370 1259 485 1297 cuius
520 1260 646 1297 eciam
682 1259 881 1296 solucioni
917 1270 964 1296 se
998 1259 1230 1297 voluntarie
1255 1261 1544 1300 sulnniserunt.
1588 1263 1632 1301 In
1655 1266 1771 1303 cuius
1797 1268 1856 1305 rei
1885 1269 2007 1306 testi-

150 1327 320 1364 monium
355 1332 575 1376 presentes
610 1325 693 1365 lieri
730 1332 769 1364 et
804 1326 934 1379 sigilli
969 1328 1096 1364 nostri
1132 1328 1347 1366 munimine
1382 1329 1572 1368 iussimus
1607 1335 1861 1385 connnunirL
1905 1348 2004 1386 pre-

150 1395 337 1432 sentibus
372 1395 560 1433 testibus.
625 1394 880 1446 Marquardo
917 1394 966 1431 de
1000 1394 1133 1432 Nazil.
1194 1395 1394 1434 Budizlao
1430 1397 1480 1435 do
1514 1398 1740 1439 Lodonicz.
1805 1403 2004 1443 Jerozlao

150 1466 189 1501 et
210 1462 415 1500 Boliussio
436 1462 487 1501 de
509 1463 742 1501 Petrouicz.
795 1460 1012 1501 Cholbone
1045 1463 1246 1501 aduocato
1282 1464 1332 1502 de
1367 1464 1537 1515 Opauia.
1581 1466 1804 1523 (⁴bislingo
1840 1477 1879 1510 et
1914 1473 2004 1512 aliis

148 1530 294 1568 multis.
364 1531 511 1569 Actum
557 1537 595 1570 et
632 1531 765 1570 datum
800 1530 971 1581 Opauie.
1014 1531 1137 1569 Anno
1177 1531 1322 1569 domini
1358 1533 1416 1571 ji.
1453 1533 1540 1573 (Ὃ.
1575 1535 1666 1574 ΧΓ.
1711 1537 1805 1576 IIII.
1840 1539 2000 1579 XVIII.

149 1598 363 1637 Kalendas
396 1599 510 1637 Julii.

456 1668 483 1699 E
507 1673 687 1699 transumto
716 1668 936 1709 'Theodosii-i,
971 1670 1119 1709 episcopi
1138 1668 1379 1701 Olomucensis.
1406 1673 1480 1702 anni
1504 1671 1610 1704 1294.
1641 1674 1695 1706 15.
1723 1676 1889 1708 Cale-nala<
1910 1680 2002 1711 Julii.

563 1722 590 1750 in
617 1720 752 1751 archivo
779 1720 926 1760 ejusdcm
950 1721 1150 1750 monasterii.

1042 1876 1113 1913 lx.

153 1985 449 2024 Tleemlmve‘ens.
479 1988 699 2037 episcopa-s·
723 1986 1029 2026 ulmum-ensis.
1063 1987 1281 2037 confirma!
1307 1988 1450 2027 literas
1475 1991 1646 2031 Xiealm·
1669 1994 1790 2033 ‹Incis-
1813 1997 2001 2048 (llum-iae

267 2065 395 2104 super
428 2054 642 2093 ciffi-lesdam
679 2056 720 2093 ἰη
765 2055 1063 2106 II'aey'anoicicc.
1133 2055 1228 2092 Dlo,
1265 2057 1304 2093 ῖη
1341 2058 1519 2097 (ΙΙυηιηι-
1553 2061 1655 2100 ΧΓ.
1692 2065 1877 2104 Kalend.

930 2122 1045 2160 ,ledii
1084 2121 1220 2159 1294.

302 2191 622 2254 TMeodricus)
658 2204 720 2241 dei
756 2205 903 2255 gracia
940 2203 1171 2253 Episcopus
1206 2202 1503 2245 Olomucensis.
1570 2210 1732 2250 Dilecto
1766 2215 1804 2251 in
1830 2214 1997 2257 (fin-isto

147 2268 224 2309 mio
260 2271 461 2310 Brunoni.
504 2273 678 2322 plebano
713 2274 749 2310 111
786 2284 898 2310 nona
927 2271 1121 2309 Ecclesia
1155 2276 1194 2309 et
1228 2276 1544 2314 successorilnis
1579 2279 1667 2317 eius
1702 2280 1849 2320 suturis
1884 2286 1998 2322 eius-

146 2337 233 2376 dem
269 2340 448 2378 ecclesie
482 2341 682 2391 plebanis.
748 2341 918 2379 salutem
954 2341 991 2377 in
1028 2338 1186 2377 domino
1221 2342 1520 2391 sempiternam.
1590 2346 1766 2386 Illustris
1801 2352 1996 2404 principis

145 2405 291 2444 domini
326 2407 517 2457 Nycolai.
553 2409 668 2449 ducis
702 2409 881 2460 Opauie.
918 2409 1077 2446 litteras
1113 2412 1153 2445 et
1187 2408 1447 2461 priuilegium
1482 2425 1608 2463 super
1641 2414 1888 2459 fundacione
1921 2434 1995 2460 ρρ-

144 2474 273 2513 clesie
308 2476 344 2513 in
389 2477 673 2516 ”pumturum
707 2490 758 2516 ex
803 2490 908 2515 nouo
944 2475 1134 2515 facienda
1169 2474 1221 2513 de
1263 2489 1467 2518 consensu
1504 2481 1750 2524 dominarum
1785 2488 1997 2529 abbatisse

144 2548 183 2581 et
217 2551 445 2583 coinientus
488 2553 747 2595 patronarum
786 2546 966 2584 ecclesie
1009 2551 1077 2583 tue
1120 2545 1481 2586 sanctimonialium
1522 2551 1559 2588 111
1595 2552 1801 2593 Ozlmran
1844 2557 1922 2595 site
1957 2559 1994 2595 111
