2912 4368
1354 1021 1384 1057 4
1391 1019 1418 1057 5

464 1158 604 1195 situm.
649 1160 713 1208 qui
749 1158 823 1194 sub
861 1156 1043 1207 predicto
1078 1157 1228 1194 abbate
1272 1160 1312 1193 et
1345 1156 1430 1193 suis
1465 1156 1780 1193 successoribus
1824 1168 1959 1193 curam
2003 1157 2123 1194 babet
2160 1169 2317 1209 gerere

464 1231 616 1263 tantum
652 1226 951 1276 temporalium7
994 1236 1042 1262 ac
1078 1225 1250 1274 priorem
1286 1230 1324 1261 et
1358 1223 1462 1261 alios
1497 1222 1648 1261 fratres
1688 1223 1834 1262 ibidem
1878 1230 1998 1274 ponet
2043 1226 2130 1274 ipse
2173 1227 2317 1268 abbasq

466 1307 568 1344 quos
602 1295 799 1332 uoluerit.
834 1298 872 1331 et
907 1293 1037 1331 libere
1072 1292 1297 1330 remouebit
1332 1291 1517 1336 eosdem„
1553 1292 1715 1342 quando
1750 1303 1826 1330 sne
1860 1294 2135 1331 conscientie.
2171 1298 2209 1332 et
2245 1306 2317 1332 sa-

465 1363 535 1400 luti
571 1361 761 1400 fratrum.
808 1373 856 1398 ac
889 1361 1049 1398 utilitati
1084 1360 1319 1398 monasterii
1354 1359 1502 1398 uiderit
1536 1360 1757 1411 expedire7
1804 1372 1891 1398 cum
1927 1360 2073 1398 dictum
2109 1366 2317 1401 monaste-

465 1431 565 1467 rium
604 1431 643 1467 in
681 1429 888 1482 Raygrad
932 1429 1070 1466 abbati
1114 1428 1430 1466 Brewnouiensi
1474 1428 1512 1465 in
1556 1428 1838 1478 spiritualibus
1881 1433 1921 1467 et
1963 1430 2255 1479 temporalibus
2296 1443 2318 1468 a

465 1497 595 1550 longe
629 1498 848 1536 retroactis
882 1496 1133 1547 temporibus
1168 1499 1328 1534 constet
1363 1506 1460 1533 esse
1485 1495 1723 1534 subiectum.
1792 1497 2051 1536 Visitationis
2084 1502 2216 1536 autem
2253 1497 2318 1535 ol’-

465 1563 594 1603 ficium
629 1565 850 1603 secundum
896 1563 1060 1603 formam
1104 1576 1302 1601 canonum
1345 1576 1432 1601 cum
1476 1563 1713 1601 duxerimus
1757 1565 2055 1617 exercendum7
2103 1567 2135 1604 si
2177 1572 2319 1605 contra

466 1634 626 1684 aliquos
660 1639 747 1671 orta
783 1631 905 1670 suerit
941 1631 1126 1670 infamia.
1169 1644 1270 1681 sepe
1305 1631 1410 1670 dicto
1445 1632 1581 1669 abbati
1619 1632 1960 1685 denuntiabimus7
2007 1638 2047 1671 ut
2083 1645 2209 1684 super
2242 1635 2319 1672 hiis

465 1701 747 1751 sollempniter
781 1701 972 1751 inquirat.
1008 1706 1045 1738 et
1082 1700 1371 1751 delinquentes
1406 1700 1544 1749 puniat
1580 1701 1689 1737 iuxta
1718 1702 1929 1753 regularis
1964 1703 2219 1755 exigentiam
2255 1703 2319 1740 di-

465 1769 651 1820 scipline.
716 1769 885 1807 Notoria
922 1775 1054 1806 autem
1089 1769 1277 1806 crimina.
1313 1779 1394 1818 que
1429 1769 1731 1807 examinatione
1765 1782 1843 1807 non
1879 1769 2088 1823 indigent7
2123 1783 2210 1808 cnm
2246 1784 2319 1809 su-

465 1849 539 1888 per
573 1837 649 1875 hiis
683 1838 823 1876 merito
859 1838 987 1875 notari
1032 1838 1159 1886 possit
1194 1836 1355 1874 abbatis
1390 1836 1675 1889 negligentia.
1724 1838 1852 1876 libere
1887 1839 2169 1891 corrigemus.¹
2213 1838 2319 1877 dicto

465 1906 602 1943 abbati
648 1905 961 1944 denuntiantes.
1009 1911 1048 1942 ut
1093 1917 1164 1943 eos
1208 1906 1258 1942 ab
1302 1903 1445 1942 ol'liciis
1489 1910 1526 1943 et
1562 1906 1990 1944 amministrationibus
2025 1912 2233 1957 amoueat7
2281 1912 2319 1945 et

466 1973 614 2012 debeat
650 1985 853 2012 amouere⁴
889 1979 925 2011 et
963 1973 1013 2011 de
1047 1974 1137 2010 aliis
1172 1974 1246 2023 ipsi
1284 1973 1530 2011 monasterio
1566 1986 1642 2010 non
1680 1972 1838 2011 differat
1875 1974 2107 2023 prouidere.
2159 1975 2319 2025 Supra-

467 2041 585 2079 dictis
620 2043 748 2094 igitur
783 2042 960 2079 contenti
998 2041 1220 2091 predictum
1264 2042 1451 2080 abbatem
1487 2046 1525 2079 et
1564 2046 1807 2079 continentum
1842 2042 2232 2081 Brewnouiensem.
2281 2049 2319 2081 et

466 2122 564 2148 suos
599 2122 892 2148 successores,
938 2115 974 2147 et
1011 2110 1296 2147 monasterium
1333 2109 1646 2162 Raygradense
1690 2110 1726 2147 in
1768 2111 1920 2149 ceteris
1955 2110 2141 2148 duximus
2176 2112 2317 2150 absol-

466 2178 637 2216 uendos.
715 2177 830 2225 Quod
876 2182 1007 2215 autem
1052 2179 1247 2227 premissa
1294 2178 1422 2215 onmia
1467 2183 1542 2215 tam
1585 2178 1766 2227 predicto
1810 2179 1946 2216 abbati
1991 2183 2028 2216 et
2072 2181 2320 2218 monasterio

467 2247 799 2284 Brewnouiensi.
836 2258 952 2296 quam
978 2246 1294 2284 successoribus
1321 2247 1409 2283 eius
1432 2251 1518 2283 rata
1546 2252 1767 2284 serufflitur
1793 2251 1830 2284 et
1862 2247 2038 2284 stabilia.
2073 2259 2319 2298 semperque

467 2320 655 2352 maneant
690 2315 952 2352 inconuulsa.
998 2326 1074 2352 nec
1109 2313 1229 2351 ullius
1264 2314 1456 2363 temporis
1500 2325 1576 2352 euo
1621 2314 1881 2364 aliquatenus
1916 2315 2197 2356 inninltentnr.
2245 2316 2317 2354 sed

467 2387 705 2432 perpetuum
741 2382 1068 2421 irreuocabiliter
1101 2382 1324 2420 sortiantur
1358 2382 1567 2420 ellectum.
1616 2382 1721 2419 banc
1757 2384 1949 2435 paginam
1989 2383 2037 2420 ad
2075 2385 2132 2422 rei
2168 2396 2320 2422 memo-

467 2451 564 2489 riam
598 2452 883 2500 sempiternam
921 2450 1015 2488 inde
1049 2449 1276 2488 consectam
1321 2450 1449 2502 sigilli
1494 2451 1619 2487 nostri
1665 2451 1855 2488 iussimus
1895 2452 2092 2489 roborari.
2160 2452 2209 2489 Et
2244 2464 2320 2490 nos

467 2518 740 2557 Olomucense
784 2519 999 2569 capitulum
1044 2518 1265 2569 predictam
1309 2519 1537 2557 cessionem
1581 2523 1619 2556 et
1664 2520 1989 2570 recognitionem
2033 2520 2174 2556 iurium
2223 2532 2319 2570 pre-

467 2586 685 2625 dictorum*
729 2598 804 2626 nec
849 2599 926 2625 non
975 2587 1270 2625 absolutionem
1318 2588 1356 2624 in
1400 2588 1552 2625 ceteris
1596 2586 1702 2625 dicto
1745 2587 1972 2625 uenerabili
2008 2588 2117 2629 11110,
2161 2588 2319 2626 domino

467 2655 667 2692 Bawaro.
724 2655 859 2692 abbati
913 2660 950 2692 et
999 2656 1244 2693 monasterio
1292 2666 1367 2693 suo
1404 2655 1742 2702 Brewnouiemsi7
1790 2660 1826 2692 et
1874 2656 2190 2693 successoribus
2233 2657 2319 2694 suis

468 2720 615 2761 l'actam
650 2723 687 2760 in
725 2728 960 2773 perpetuum
996 2735 1068 2772 per
1103 2723 1375 2761 reuerendum
1411 2727 1586 2773 pat1·em.,
1630 2723 1828 2761 dominum
1868 2727 2047 2761 nostrum
2083 2723 2320 2762 'l'lieoderi-

467 2803 567 2829 cum.
614 2791 924 2829 olomucensem
973 2792 1228 2841 episcopum.
1273 2796 1397 2828 ratam
1441 2791 1637 2830 babemus
1681 2796 1718 2829 et
1762 2796 1948 2843 gratann
1997 2797 2034 2830 et
2075 2804 2318 2830 consenslnn

467 2866 647 2898 nostrum
685 2860 927 2897 vnanimiter
961 2859 1212 2897 adhibemus.
1280 2859 1329 2897 1⁴11
1367 2859 1470 2909 1111011
1503 2871 1628 2909 snper
1663 2860 1737 2898 boc
1773 2860 1907 2897 nullus
1942 2858 2090 2897 suturis
2125 2861 2319 2910 tempori-

467 2928 543 2965 bus
579 2927 797 2965 dubietatis
833 2928 895 2965 uel
933 2928 1159 2978 calumpnie
1194 2928 1321 2977 possit
1356 2928 1450 2964 oriri
1487 2928 1719 2977 scrupulus.
1755 2928 1860 2965 lianc
1895 2930 2012 2965 etiam
2040 2929 2232 2980 paginam
2267 2928 2316 2965 ad

468 2993 679 3033 firmiorem
723 2996 780 3033 rei
826 2996 1084 3033 stabilitatem
1129 2996 1256 3049 sigilli
1303 2997 1428 3033 nostri
1474 2994 1643 3033 serimus
1685 2998 1938 3046 appensione
1986 2997 2141 3033 muniri.
2222 2997 2317 3049 Ego

468 3062 692 3101 Budizlaus
727 3063 923 3102 decanus.
959 3075 1042 3114 ego
1069 3062 1207 3112 (¹yrus
1243 3064 1489 3113 prepositus.
1524 3075 1608 3116 ego
1642 3064 1878 3103 Fridericus
1913 3064 2242 3102 archidiaconus.
2278 3069 2319 3102 et

469 3143 543 3169 nos
577 3132 703 3169 ceteri
740 3131 1024 3170 Olomucensis
1058 3132 1237 3169 ecclesie
1273 3133 1481 3169 canonici.
1530 3133 1741 3182 premissis
1784 3133 1968 3170 oninibus
2011 3145 2081 3182 pro
2127 3133 2242 3170 nobis
2277 3138 2314 3170 et

469 3199 620 3235 nostris
654 3201 991 3238 successoribus.
1039 3201 1249 3237 ‹·an‹)nicis
1284 3200 1645 3238 Oltnnucensibns.
1693 3201 1923 3239 uoluntarie
1962 3208 1999 3238 et
2036 3200 2319 3239 l'auorabiliter

469 3267 758 3304 consentimus.
824 3268 968 3305 Actum
1005 3273 1041 3306 et
1079 3268 1210 3306 datum
1245 3268 1446 3307 Metlricz.
1483 3269 1556 3305 vl.
1594 3268 1806 3307 Kalendas
1843 3270 2071 3307 Februarii.
2107 3282 2212 3307 anno
2244 3269 2319 3307 do-

469 3335 560 3371 mini
595 3333 652 3371 M.
690 3333 776 3372 (Ὃ.
813 3335 1094 3373 Lxxxxvl.

780 3416 827 3446 Ex
854 3422 982 3458 autogr.
1009 3417 1099 3447 areli.
1128 3418 1316 3448 ll'rewnow.
1344 3436 1377 3438 —
1411 3418 1512 3447 llobn.
1539 3417 1630 3447 Mon.
1659 3418 1712 3447 Vl.
1748 3419 1797 3448 10.
