2217 2829
993 120 1095 160 263

114 266 237 305 dare.
284 263 361 304 sed
402 276 492 303 cum
525 262 619 302 anni
655 260 840 301 eiusdem
882 259 1087 298 libertatis
1121 257 1406 309 expirauerint
1448 260 1489 295 et
1530 259 1615 295 tota
1651 253 1813 295 Ciuitas
1846 255 1977 295 Nobis

112 346 283 374 censum
316 333 484 384 incipiet
516 331 699 381 soluere7
733 334 829 368 tune
855 328 1056 370 uolumusq
1092 326 1200 379 quod
1224 337 1499 377 possessores
1533 325 1745 364 laneorum
1779 324 1977 363 dictarum

112 402 386 442 hereditatum
428 399 631 439 dimidiam
673 398 879 437 marcham
921 396 1091 451 argenti
1133 395 1252 434 annis
1296 395 1479 447 singulis
1522 395 1562 432 in
1604 391 1713 433 sesto
1746 393 1857 433 beati
1891 393 1977 432 Mi-

114 471 287 517 chaelis,
320 471 361 508 in
396 481 476 520 quo
510 469 680 507 aliorum
713 468 925 506 laneorum
958 476 1112 504 census
1146 464 1276 515 ipsius
1302 461 1496 503 Ciuitatis
1528 462 1649 502 nobis
1678 462 1840 501 exsolui
1874 474 1977 501 con-

114 540 252 579 sueuit
285 543 326 577 et
360 537 485 577 debet
519 548 682 576 camere
715 540 857 575 nostre
891 535 1067 573 soluant.
1131 532 1179 572 In
1214 532 1332 571 cuius
1365 532 1651 571 concessionis
1679 535 1822 570 nostre
1855 531 1978 570 testi-

115 608 288 647 monium
321 611 363 646 et
395 606 521 645 robur
559 609 759 656 perpetuo
800 604 1041 655 ualiturum7
1083 612 1263 653 presens
1304 600 1570 654 priuilegium
1612 598 1699 639 fieri
1741 605 1782 639 et
1824 599 1980 654 sigillis

114 676 352 716 Maiestatis
385 681 529 714 nostre
562 672 735 713 fecimus
769 672 1017 711 communiri.
1081 671 1231 709 Actum
1266 674 1307 709 et
1341 669 1475 708 datum
1509 670 1549 707 in
1573 668 1758 721 Olmucz7
1792 680 1867 720 per
1890 680 1979 707 ma-

115 757 193 784 nus
225 744 427 796 Magistri
460 743 633 782 Henrici
666 741 963 792 prothonotarij
1007 740 1138 779 nostri
1171 739 1294 778 Anno
1329 738 1491 777 Domini
1528 738 1740 777 millesimo
1775 737 1980 777 ducente-

115 814 216 853 simo
249 813 566 866 septuagesimo
599 816 761 862 octauo7
796 813 942 862 quarto
976 808 1076 847 Idus
1109 808 1300 859 Januarij
1335 811 1459 846 sexte
1492 806 1754 846 Indiceionis.

425 910 596 954 OrigInale
622 912 653 942 in
678 910 814 942 archivo
841 910 973 941 inclitae
1000 909 1076 940 sam.
1103 908 1143 939 de
1168 907 1299 939 Kannic
1323 906 1547 939 Jaromericii.

1001 1058 1094 1097 LII.

115 1173 294 1223 ano,
336 1173 558 1224 episeopus
591 1171 909 1210 Olonmcensts.
952 1170 1174 1222 confirmat
1212 1169 1298 1208 liti-s·
1331 1169 1673 1220 compositionem
1710 1169 1877 1220 factam
1907 1179 1985 1218 per

116 1240 297 1280 arbitros
338 1242 450 1280 inter
482 1240 711 1280 Erclz'num
751 1239 984 1292 plebanum
1026 1238 1228 1277 ecclesiae
1266 1237 1356 1278 00.
1391 1234 1477 1277 SS.
1512 1237 1696 1275 Brunae
1729 1238 1769 1274 et
1802 1235 1984 1275 Nathan

104 1309 293 1362 Judeum
325 1322 455 1362 supet·
488 1309 740 1360 obliqaticme
773 1308 882 1347 dotis
915 1307 1105 1360 ejus-dem
1138 1306 1353 1346 ecclesiae.
1418 1306 1519 1345 Dto.
1554 1306 1599 1344 in
1631 1304 1825 1344 ,vods-tce
1855 1304 1982 1345 XVI.

798 1376 901 1416 Kal.
936 1376 1121 1425 Auqustz
1160 1375 1304 1414 1278.

272 1485 375 1536 Nos
421 1497 563 1535 Bruno
610 1496 676 1536 dei
717 1497 858 1550 gratia
902 1495 1191 1536 Olomucensis
1237 1495 1486 1547 Episcopus.
1537 1498 1684 1534 tenore
1731 1494 1985 1545 presentium

117 1570 393 1618 protestamur
434 1569 476 1605 et
513 1571 708 1605 constare
750 1565 938 1605 volumus
976 1565 1188 1604 vniuersis
1225 1568 1305 1603 tam
1347 1563 1614 1615 presentibus
1658 1575 1777 1615 quam
1819 1561 1983 1602 suturis.

117 1633 227 1686 quod
260 1646 349 1673 cum
383 1633 590 1674 discordia
632 1634 723 1673 siue
755 1634 1057 1674 controuersia.
1104 1634 1212 1673 inter
1244 1633 1457 1672 Erclinum
1498 1632 1730 1684 plebanum.
1796 1630 1983 1671 Omnium

118 1706 354 1741 sanctorum
387 1702 495 1754 apud
528 1703 724 1741 Brunam.
759 1714 813 1742 ex
845 1715 940 1742 una.
975 1709 1016 1742 et
1047 1702 1214 1742 Nathan
1247 1701 1439 1741 Judeum.
1503 1701 1644 1752 Super
1677 1700 1984 1754 obligacionem

118 1772 209 1811 siue
242 1771 540 1810 alienacionem
574 1770 693 1810 dotis.
760 1772 967 1811 Ecclesie.
1003 1772 1176 1811 omnium
1210 1774 1458 1810 sanctorum.
1498 1781 1551 1809 ex
1585 1774 1705 1821 parte
1737 1770 1872 1809 altera
1904 1769 1984 1808 ali-

119 1839 310 1892 quamdiu
344 1844 596 1879 verteretur.
644 1840 738 1879 talis
772 1841 879 1879 inter
912 1841 1025 1891 ipsos
1060 1840 1112 1880 de
1145 1851 1355 1879 consensu
1398 1844 1439 1878 et
1471 1839 1662 1878 mandato
1696 1842 1837 1878 nostro
1871 1850 1985 1878 com-

119 1909 334 1960 promissio
368 1909 603 1948 interuenit.
639 1908 745 1960 quod
782 1920 835 1948 ex
868 1915 1045 1960 utraque
1079 1914 1210 1960 parte.
1246 1909 1284 1947 in
1319 1908 1530 1947 arbitrium
1557 1910 1732 1959 quatuor
1766 1907 1984 1958 proborum

119 1977 300 2017 virorum
342 1975 417 2016 fuit
450 1977 637 2031 legitime
680 1978 1026 2028 compromissum.
1070 1978 1110 2015 in
1149 1978 1393 2031 magistrum
1429 1977 1645 2027 videlieet·7
1693 1975 1899 2015 Johanem
1934 1975 1985 2015 de

117 2045 291 2086 Mochln
325 2045 533 2085 doctorem
568 2046 848 2086 decretorum.
885 2052 924 2085 et
958 2046 1213 2099 Magistrum
1246 2046 1459 2085 henricum
1493 2046 1544 2085 de
1578 2045 1742 2095 u'itys.
1778 2056 1831 2083 ex
1864 2051 1985 2096 parte

120 2114 292 2153 Erclini.
328 2120 367 2154 et
401 2116 440 2154 in
475 2115 676 2154 dominum
709 2114 897 2153 achillem
932 2115 1095 2154 militem
1130 2119 1324 2154 nostrum.
1360 2120 1401 2154 et
1433 2115 1637 2153 Johanem
1672 2114 1873 2153 notarium
1906 2125 1984 2152 no-

120 2189 247 2221 strum
282 2194 335 2222 ex
369 2189 487 2234 parte
520 2184 684 2223 Nathan
729 2183 850 2223 iudei.
894 2183 1058 2222 tandem
1091 2183 1265 2234 predicti
1300 2188 1475 2235 quatuor
1512 2183 1654 2222 arbitri
1690 2183 1742 2222 (le
1776 2194 1984 2221 consensu

121 2252 292 2301 partium
327 2264 415 2291 cum
450 2252 760 2292 deliberacione
804 2252 1008 2306 diligenti.
1052 2257 1091 2291 et
1126 2252 1203 2290 suh
1237 2264 1344 2303 pena
1385 2252 1480 2291 XX.
1515 2264 1756 2291 marcarum.
1796 2252 1878 2290 tale
1912 2263 1983 2289 ar-

120 2319 283 2358 bitrium
316 2321 586 2371 protulerunt.
623 2320 730 2372 quod
765 2319 952 2372 prefatus
989 2320 1182 2359 Erclinus
1215 2333 1289 2372 pro
1324 2321 1615 2372 redempcione
1650 2320 1756 2359 dotis
1789 2320 1985 2359 Ecclesie

121 2399 210 2427 sue.
274 2388 439 2428 Nathan
473 2390 623 2429 Judeo.
660 2389 771 2428 dabit
805 2390 945 2428 XXX.
980 2401 1143 2428 marcas
1177 2391 1360 2443 argenti.
1399 2395 1479 2428 tam
1522 2402 1594 2440 pro
1628 2389 1831 2440 peccunia
1865 2389 1983 2440 capi-

120 2456 190 2496 tali
231 2463 310 2496 tam
353 2458 471 2497 etiam
515 2471 587 2509 pro
623 2470 764 2496 vsura.
812 2465 853 2497 et
887 2458 961 2497 dos
996 2458 1214 2509 Ecclesia
1262 2458 1447 2497 Omnium
1489 2463 1738 2497 sanctornm.
1786 2458 1894 2496 sicut
1931 2457 1984 2497 ab

121 2526 288 2578 antiquo
333 2526 471 2565 dotata
514 2527 751 2565 dinoscitur.
795 2539 884 2565 eum
931 2528 1122 2578 pomeriis
1165 2528 1390 2566 ourticulis.
1444 2532 1485 2566 et
1527 2527 1676 2566 balneo
1720 2526 1986 2580 integraliter
