2217 2829
1064 150 1166 189 236

182 287 413 327 obseruari.
487 287 644 327 Testes
685 290 844 339 aut-em7
892 288 960 339 qui
1001 285 1157 327 fuerint
1198 288 1414 341 nominati,
1460 289 1497 327 si
1538 301 1586 328 se
1627 290 1795 343 gracia7
1842 289 1934 329 odio
1975 291 2043 330 uel

181 357 324 395 timore
356 356 655 408 subtraxerint.
698 367 878 395 censura
910 356 1029 395 simili
1062 356 1350 408 appellacione
1383 360 1579 397 cessante
1612 358 1886 411 compellatis7
1928 360 2042 398 ueri-

180 426 253 464 tati
294 426 567 465 testimonium
609 424 846 477 perhibere.
911 423 1069 473 Quodsi
1111 437 1191 464 non
1234 436 1376 465 omnes
1418 425 1482 464 his
1524 426 1784 478 exequendis
1826 428 2043 478 potueritis

180 495 411 546 interesse7
457 493 536 533 duo
579 497 765 533 uestrum
807 505 857 533 ea
899 494 1186 533 nichilominus
1229 498 1505 545 exequantur.
1569 494 1719 534 Datum
1751 495 1956 550 Lugduni
1987 495 2042 534 II.

179 561 325 602 Nonas
357 563 560 617 Augusti.
627 560 896 602 Pontificatus
930 564 1061 603 nostri
1093 575 1202 603 anno
1235 574 1356 602 nono.
1721 569 1725 572 ’

491 670 544 702 Ex
568 672 652 713 orig.
678 672 708 702 in
733 670 871 702 archivo
895 670 976 703 Soc.
1001 671 1086 702 Jesu
1111 671 1256 702 Brunae.

1053 846 1171 886 XXI.

181 959 380 1011 Premysl
412 958 651 1010 Otakarus,
684 959 873 998 marchio
906 959 1150 1005 ,Morsu-iae,
1192 958 1447 1012 officialibus
1479 958 1820 1010 Znoymensibus
1852 957 2044 1009 mandat,

183 1039 237 1067 ne
270 1027 491 1067 ecclesiam
525 1030 565 1067 et
597 1029 903 1067 monasterium
936 1028 1137 1067 Lucem-se
1178 1029 1223 1066 in
1265 1027 1528 1066 libertatibus
1569 1028 1671 1078 ipsis
1712 1028 1919 1065 concessis
1951 1039 2043 1066 mo-

349 1099 516 1136 testem.
583 1097 685 1136 Dto.
719 1096 839 1148 apud
870 1095 1039 1137 Sam-ca
1082 1096 1179 1136 VII.
1214 1096 1403 1135 Kalend.
1437 1094 1701 1148 Septembris
1736 1093 1879 1134 1251.

335 1205 394 1255 Ρ.
430 1217 497 1257 dei
529 1217 680 1271 gracia
713 1216 893 1256 marchio
927 1216 1121 1256 Morauie
1154 1217 1257 1255 viris
1291 1217 1498 1255 nobilibus
1527 1216 1580 1255 H.
1614 1216 1842 1256 camerario
1875 1219 1916 1255 et
1949 1215 2045 1254 vni-

181 1286 317 1326 uersis
358 1284 639 1325 beneficiariis
679 1290 720 1324 et
762 1285 900 1325 villico
942 1285 1198 1336 Znoymensi
1244 1286 1434 1339 graciam
1476 1297 1591 1324 suam
1643 1290 1685 1324 et
1724 1296 1842 1324 omne
1883 1284 2044 1323 bonum.

181 1353 285 1394 Cum
319 1355 502 1394 ecclesia
544 1354 754 1394 Lucensis
795 1366 923 1406 super
966 1355 1158 1395 libertate
1200 1366 1225 1393 a
1262 1355 1416 1393 nostris
1458 1353 1832 1406 predecessoribus
1873 1353 2046 1404 priuile-

179 1424 344 1477 giorum
378 1424 587 1475 receperit
621 1424 892 1463 instrumenta
932 1428 973 1462 et
1015 1423 1066 1462 de
1109 1424 1259 1477 gracie
1301 1428 1444 1462 nostre
1487 1423 1740 1475 plenitudine
1782 1422 1924 1461 horum
1957 1434 2045 1461 om-

180 1493 288 1530 nium
321 1492 474 1531 habeat
508 1491 861 1531 confirmacionem
906 1498 947 1532 et
980 1504 1092 1531 mera
1126 1492 1314 1546 gaudeat
1348 1493 1553 1532 libertate.
1618 1493 1819 1531 Volumus
1853 1495 1893 1530 et
1927 1502 2045 1529 man-

179 1560 328 1600 dantes
363 1562 483 1600 vobis
527 1562 775 1612 precipimus
818 1565 960 1601 nostre
993 1562 1143 1615 gracie
1177 1561 1253 1599 sub
1288 1561 1471 1600 obtentu.
1515 1565 1721 1611 quatenus
1755 1560 1903 1599 donum
1936 1558 2045 1611 quod

179 1642 307 1681 super
341 1629 656 1670 confirmacione
690 1630 894 1669 libertatis
927 1630 1000 1669 tali
1029 1630 1211 1669 ecclesie
1236 1629 1426 1669 duximus
1460 1628 1757 1669 conserendum
1789 1640 1864 1680 pro
1888 1639 2044 1680 paren-

181 1702 261 1737 tum
294 1703 528 1739 nostrorum
570 1700 793 1737 animarum
838 1699 1018 1738 remedio
1061 1702 1103 1738 et
1143 1699 1280 1738 salute
1322 1697 1559 1753 infringere
1597 1699 1703 1737 sicut
1735 1702 1918 1738 nostram
1951 1697 2046 1737 dili-

180 1768 283 1820 gitis
317 1769 507 1821 graciam
541 1767 774 1807 nullomodo
809 1769 1077 1819 presumatis.
1125 1768 1201 1808 sed
1244 1768 1304 1807 sic
1347 1767 1548 1807 dominum
1590 1768 1781 1807 abbatem
1819 1771 1860 1807 et
1893 1765 2046 1807 fratres

181 1836 364 1876 ecclesie
399 1841 620 1876 memorate
653 1848 900 1888 promouere
941 1849 1031 1876 cum
1065 1837 1253 1876 omnibus
1295 1837 1521 1889 studeatis7
1567 1841 1611 1875 ut
1653 1836 1704 1876 de
1746 1836 1867 1875 vobis
1908 1847 2046 1875 coram

180 1905 299 1943 nobis
334 1905 508 1945 vlterius
543 1917 622 1944 non
658 1905 839 1945 habeant
872 1907 1082 1945 materiam
1115 1906 1420 1959 conquerendi3
1464 1907 1504 1944 in
1538 1918 1677 1945 eorum
1710 1904 1911 1957 siquidem
1944 1915 2044 1955 pro-

180 1974 365 2013 mocione
399 1980 441 2013 et
473 1973 633 2014 offensa
675 1987 750 2014 nos
795 1978 1002 2025 promotos
1041 1976 1322 2026 reputabimus
1364 1976 1455 2026 (et)
1497 1974 1692 2014 offensos.
1758 1974 1905 2012 natum
1947 1979 2045 2023 aput

179 2041 361 2081 Zaczca.
397 2056 504 2083 anno
537 2044 689 2096 gracie
723 2043 781 2082 M.
818 2042 906 2083 CC.
942 2043 992 2082 L.
1028 2044 1058 2082 l.
1110 2045 1203 2082 Vll.
1238 2043 1456 2083 Kalendas
1489 2043 1761 2095 Septembris.

493 2151 520 2181 E
546 2152 684 2182 niatrica
719 2152 965 2192 privilegiornin
1000 2153 1190 2183 inonaslcrii
1217 2153 1379 2183 Lucensis
1414 2170 1452 2173 —
1488 2151 1557 2181 Ms.
1583 2161 1612 2181 a.
1641 2148 1751 2181 1663.
1786 2151 1816 2180 in
1842 2149 2042 2180 bibliotheca

596 2204 764 2233 ccclcsiac
791 2203 827 2234 S.
855 2204 982 2234 Nicolai
1007 2204 1191 2245 Znoyinac.

1041 2366 1179 2405 XXll.

340 2473 573 2523 (haltai-us.
610 2486 692 2525 dux
728 2487 925 2525 Austriac
960 2494 998 2526 et
1029 2486 1211 2536 Styriac.
1247 2485 1425 2524 marchio
1451 2485 1686 2524 Moraviae.
1721 2483 1927 2524 contii-inat
1954 2494 2040 2522 ino-

186 2553 366 2589 nastcrio
401 2553 632 2593 Zuetlcnsi
669 2567 786 2594 omne
815 2557 883 2605 jus·
919 2556 991 2605 ipsi
1029 2556 1065 2593 in
1104 2555 1237 2593 villain
1267 2554 1510 2593 Zwetclcrn
1547 2554 1692 2593 dit-tani
1727 2553 1778 2592 ab
1814 2552 1956 2590 Vilico
1991 2551 2041 2590 dc
