2217 2829
1098 121 1194 160 120

213 268 434 319 quentetur
476 265 517 301 et
550 274 573 300 a
608 259 765 300 Christi
800 258 988 298 fidelibus
1022 260 1179 314 ingiter
1212 263 1450 298 ueneretur.
1507 259 1707 298 Omnibus
1739 271 1844 298 vere
1877 261 2070 310 1191111011-

212 335 321 374 tibus
355 339 393 371 et
429 329 636 370 confess-Is
671 330 737 381 qui
773 328 825 366 ad
860 328 1007 366 dictam
1042 329 1260 367 ecclesiffln
1297 339 1425 365 causa
1458 327 1710 366 deuocioniS.
1763 328 1968 366 oracionis
2001 329 2071 368 vel

214 401 570 455 peregrinationis
604 398 863 437 accesserint
906 398 974 435 vel
1016 397 1166 436 ibidem
1201 396 1379 435 diuinum
1421 394 1596 435 osticium
1630 408 1706 435 seu
1738 397 1911 435 uerbum
1944 408 2072 436 exor-

213 473 388 512 tat-ionis
422 469 629 508 audierint
670 472 805 506 mente
849 467 914 517 pia
959 466 1027 505 vel
1062 467 1129 517 qui
1163 466 1212 504 ad
1257 466 1607 504 sustentacionem
1648 466 1902 504 luminarium
1940 466 2074 504 vesti-

214 547 439 580 mentorum
472 545 541 576 ant
575 537 626 575 ad
660 537 739 574 alia
776 536 1017 574 necessaria
1053 535 1161 574 dicte
1195 535 1378 573 ecclesie
1412 546 1556 572 manus
1594 535 1857 585 porrexerint
1898 533 2074 573 adiutri-

215 622 288 649 ces
323 609 389 647 vel
425 609 492 659 qui
528 609 566 645 in
601 606 798 644 extremis
831 604 1072 643 laborantes
1107 604 1323 655 quicquam
1358 601 1597 641 facultatum
1634 615 1798 641 suarum
1833 603 2075 656 legauerint

216 678 418 717 dederint.
466 675 781 727 procurauerint
824 673 1154 726 assignauerint.
1202 683 1279 710 nec
1322 684 1403 710 non
1446 672 1513 723 qui
1548 684 1620 722 pro
1654 672 1869 711 animabus
1903 672 2075 710 omnium

216 746 391 786 fidelium
441 743 727 785 defunctorum
769 743 1002 781 oracionem
1054 740 1291 779 dominicam
1342 752 1431 779 cum
1477 741 1736 780 salutacione
1787 741 1986 795 angelica
2036 741 2076 779 in

217 815 325 854 dicta
360 815 540 854 ecclesia
582 812 959 864 quocienscumque
1002 810 1344 862 quandocumque
1378 809 1582 848 humiliter
1623 816 1662 848 et
1697 809 1847 848 deuote
1881 809 2075 848 dixerint.

216 883 393 933 Quilibet
431 888 611 921 nostrum
646 880 887 934 singillatim
923 879 1205 932 quadraginta
1249 878 1338 917 dies
1381 878 1432 917 de
1471 879 1663 917 iniunctis
1705 879 1782 916 sibi
1817 878 2076 929 penitenciis.

216 952 443 992 Dummodo
478 952 555 991 loci
590 951 839 989 diocesanus
873 948 979 987 lianc
1013 953 1193 987 nostram
1224 947 1532 1000 indulgenciam
1566 952 1693 986 ratam
1728 947 1918 986 habuerit
1950 947 2077 985 mise-

218 1022 435 1061 ricorditer
469 1022 507 1059 in
543 1020 702 1058 domino
736 1018 985 1057 relaxamus.
1050 1016 1095 1054 In
1130 1017 1247 1055 cuius
1280 1017 1341 1055 rei
1375 1017 1648 1054 testimonium
1673 1027 1850 1067 presens
1883 1016 2079 1067 scriptum

218 1091 452 1144 sigillorum
486 1092 716 1128 nostrorum
752 1093 982 1126 nostrorum
1017 1086 1127 1135 (sic)
1161 1086 1378 1124 munimine
1413 1084 1601 1123 duximus
1636 1083 1922 1123 roborandum.
1986 1084 2079 1123 Da-

218 1165 299 1198 tum
336 1160 464 1198 Rome
497 1170 605 1197 anno
640 1157 800 1195 domini.
858 1155 1070 1193 millesimo
1104 1155 1397 1193 tricentesimo.
1463 1151 1731 1192 Pontificatus
1766 1152 1914 1191 domini
1947 1153 2080 1191 Boni-

219 1227 315 1267 sacii
349 1239 456 1279 pape
490 1227 624 1266 octaui
660 1237 767 1264 anno
801 1229 936 1263 sexto.

376 1297 463 1335 Nos
497 1295 786 1334 'I'heodericus
820 1293 884 1332 dei
919 1293 1068 1347 gracia
1103 1291 1389 1331 Olomucensis
1424 1292 1646 1342 episcopus
1688 1289 1982 1344 indulgencias
2014 1290 2081 1328 in-

221 1366 283 1405 l'ra
304 1367 482 1417 scriptas
503 1364 907 1415 archiepiscoporum
933 1369 973 1401 et
997 1363 1282 1413 episc-oportun
1308 1360 1489 1399 ecclesie
1516 1360 1649 1398 sancti
1667 1360 1782 1398 Petri
1809 1360 1847 1397 in
1872 1357 2082 1412 Reygrad

221 1436 441 1489 elargitas.
505 1435 639 1472 Ratas
674 1438 714 1472 et
747 1436 898 1485 gratas
932 1431 1132 1470 babemus
1166 1435 1206 1469 et
1240 1442 1313 1469 eas
1348 1440 1422 1479 per
1455 1429 1749 1480 appensionem
1783 1427 1915 1481 sigilli
1940 1427 2082 1466 nostri.

221 1505 467 1543 auctoritate
501 1502 709 1542 ordinaria
744 1504 944 1551 perpetuo
979 1498 1274 1538 confirmamus.
1322 1498 1373 1536 de
1415 1502 1556 1536 nostro
1600 1497 1858 1535 addicientes
1892 1495 1982 1534 dies
2016 1496 2082 1533 in-

223 1573 450 1627 dulgencie
485 1571 617 1611 eidem
652 1571 835 1609 ecclesie
869 1568 1166 1620 quadraginta.

534 1671 585 1702 Ex
607 1671 756 1712 originali
786 1671 815 1700 111
841 1669 977 1700 archivo
1004 1667 1153 1709 ejusdem
1178 1668 1379 1698 monasterii.

1083 1814 1243 1856 val.

231 1933 538 1973 'l'lwnderienm
573 1932 795 1983 episcopus
828 1929 1144 1978 Ol‹mmcen.s·i.s‚
1186 1927 1329 1966 ¹villam
1366 1925 1549 1965 I’aslwu·
1584 1925 1657 1963 dal
1687 1924 2015 1976 permutauaemis
2047 1925 2087 1961 et

224 2002 348 2055 s'ende‘
382 2001 504 2040 tilulo
529 2001 695 2040 ‚loanni
728 1998 942 2049 Slanfflmi
971 2011 1050 2049 pro
1085 1996 1271 2048 effus-dem
1307 1996 1425 2034 bonis
1460 1992 1708 2047 feudalibus
1741 1994 1785 2031 in
1817 1990 2085 2031 Liebentlml.

592 2071 690 2108 Dlo.
726 2070 769 2106 in
805 2066 1044 2107 Piamouei:
1084 2066 1166 2105 ΙΙΙ.
1201 2065 1306 2104 Idu-s·
1338 2064 1548 2103 ‚Ianuarii
1585 2061 1724 2100 1300.

386 2179 487 2229 Nos
520 2189 810 2229 'rheodorieus
844 2188 908 2226 dei
943 2187 1093 2241 gracia
1122 2185 1409 2225 olomucensis
1444 2183 1677 2234 episcopus.
1733 2180 1881 2219 Notum
1914 2177 2088 2219 facimus

231 2261 440 2299 vninersis
475 2264 694 2310 presentes
728 2258 872 2295 literas
906 2256 1171 2307 inspecturis.
1206 2260 1284 2293 tam
1311 2252 1577 2304 presentibus
1612 2262 1731 2302 quam
1766 2248 1926 2288 suturis.
1969 2246 2089 2296 Quod

231 2342 306 2368 nos
340 2329 391 2368 de
424 2328 621 2379 consilio7
668 2324 812 2365 fauore
855 2329 893 2364 et
928 2337 1106 2363 assensu
1141 2323 1379 2361 dilectorum
1418 2319 1587 2359 fratrum
1621 2323 1852 2358 nostrorum
1884 2316 2089 2367 Budyzlai

233 2398 391 2437 decani.
457 2395 557 2446 Cyri
602 2396 812 2447 prepositi.
880 2394 1080 2432 Friderici
1124 2391 1418 2440 archidyaconi
1470 2402 1519 2428 ac
1569 2388 1702 2427 tocius
1749 2386 1915 2438 capituli
1959 2385 2089 2424 nostri

233 2465 519 2505 Olomucensis
552 2465 689 2503 villam
724 2468 904 2502 nostram
938 2463 1132 2513 Pascow.
1166 2461 1275 2499 vltra
1308 2459 1449 2499 Stariz
1483 2459 1614 2496 sitam.
1658 2468 1745 2495 cum
1780 2455 1910 2494 siluis.
1945 2454 2087 2505 pratis.

235 2535 549 2585 piscacionibus.
585 2534 756 2571 rubetis.
799 2533 919 2585 agris
953 2532 1086 2570 cultis.
1134 2534 1173 2569 et
1209 2529 1371 2567 incultis
1406 2532 1446 2567 et
1479 2526 1688 2566 vniuersis
1722 2525 1814 2564 aliis
1849 2523 2004 2562 iuribus
2037 2520 2090 2560 ad
