2217 2829
1009 156 1067 195 31

114 299 252 337 rauie.
295 310 343 336 ac
379 297 675 336 venerabilium
711 295 980 333 dominorum.
1024 292 1243 332 Guilhelmi
1278 292 1681 331 Premonstratensis
1716 296 1755 330 91
1789 291 1969 329 Budissii

113 366 426 406 Strahouiensis
473 365 810 403 monasteriorum
851 362 1112 412 beneplacito
1161 367 1199 400 et
1244 372 1473 399 consensu.
1522 361 1644 398 villas
1692 372 1790 398 suas
1839 359 1970 397 dictas

114 434 330 485 Vockow.
372 433 609 472 Pa111ethicz
653 439 691 471 et
729 430 936 483 Clam-ub.
979 431 1080 468 sitas
1124 430 1161 467 in
1196 429 1387 468 Horauia
1430 430 1541 467 circa
1574 428 1833 467 Letllowi(·z.
1881 440 1970 466 cum

115 503 236 556 agris
270 508 310 541 et
343 502 537 552 araturis.
579 500 632 539 ad
666 501 803 539 curias
837 500 1016 550 ipsorum
1054 499 1092 536 in
1128 497 1246 535 dictis
1280 498 1388 536 uillis
1423 497 1742 548 pertinentibus,
1777 508 1853 536 nec
1888 509 1970 535 non

113 570 343 610 hominibus
377 576 418 607 et
450 569 570 622 agris
604 569 695 607 aliis
730 568 913 608 omnibus
948 567 1069 606 cultis
1103 573 1142 604 et
1168 566 1344 604 incultis.
1379 566 1511 604 siluis.
1545 566 1718 617 rubetis.
1752 565 1969 603 montibus.

112 638 261 690 planis.
294 638 437 689 pratis.
471 638 590 688 aquis
626 641 665 675 et
698 648 896 687 aquarum
931 635 1189 674 decursibus.
1224 646 1273 672 ac
1307 635 1398 673 aliis
1432 634 1587 672 iuribus
1622 638 1660 672 et
1695 634 1969 684 pertinentiis.

113 706 165 744 ad
200 705 331 745 dictas
370 706 492 744 villas
536 711 574 744 et
617 706 754 743 curias
796 704 1101 754 spectantibus.
1145 703 1263 740 nobis
1307 703 1591 741 concessionis
1634 714 1710 740 seu
1753 702 1971 740 locationis

112 774 227 813 titulo
260 786 335 825 pro
368 774 598 827 sexaginta
629 773 789 812 Marcis
824 773 1015 825 argenti.
1058 771 1294 824 Pragensis
1328 770 1550 821 ponderis.
1594 776 1897 810 concesserunt
1930 778 1970 810 91

112 842 383 893 tradiderunt.
420 853 469 880 ac
503 846 725 880 cesserunt
758 841 891 879 libere
925 840 976 880 de
1011 839 1178 879 eisdem.
1213 850 1288 890 per
1321 852 1396 878 nos
1430 840 1534 878 omni
1568 840 1654 878 vite
1687 844 1830 877 nostre
1864 842 1970 877 tem-

110 922 212 963 pore
245 909 534 962 possidendas.
568 909 783 948 habendas
818 914 857 948 et
882 907 1142 947 utifruenaias
1167 908 1312 946 libere.
1346 905 1516 958 pacifice
1551 912 1591 947 et
1618 908 1769 959 quiete.
1804 919 1853 946 ac
1879 912 1968 958 post

110 983 278 1019 mortem
310 984 514 1031 nostram,
557 978 622 1017 uel
657 979 690 1016 si
726 990 824 1029 nos.
859 977 951 1016 dum
982 977 1229 1016 uixerimus.
1268 977 1485 1029 continget
1521 975 1572 1014 ad
1606 976 1791 1016 altiorem
1825 979 1967 1017 eccle-

111 1048 320 1086 siasticum
353 1052 422 1086 aut
454 1047 684 1086 secularem
717 1046 897 1100 gradum
930 1046 997 1084 uel
1030 1045 1270 1099 regularem
1305 1052 1453 1083 statum
1488 1047 1741 1097 promoueri.
1785 1057 1839 1085 ex
1872 1051 1969 1086 tunc

110 1117 246 1155 statim
278 1115 444 1154 easdem
477 1115 601 1153 villas
644 1118 683 1153 et
718 1115 856 1153 curias
899 1127 988 1154 cum
1031 1115 1136 1152 omni
1178 1114 1483 1153 melioramento
1527 1121 1567 1153 et
1609 1126 1773 1153 311110113
1815 1116 1967 1154 tamin

109 1185 231 1238 agris
265 1195 384 1235 quam
416 1184 456 1221 in
491 1184 617 1221 curiis
650 1195 699 1222 ac
734 1184 954 1234 pecoribus
989 1183 1187 1221 omnibus.
1223 1194 1304 1234 que
1337 1189 1521 1233 tempore
1554 1184 1694 1221 mortis
1723 1188 1864 1223 nostre
1898 1190 1968 1222 aut

109 1252 374 1303 promotionis
408 1251 636 1290 huiusmodi
670 1251 820 1290 ibidem
851 1253 1019 1290 inuenta
1044 1249 1209 1303 suerint.
1243 1263 1321 1290 1199
1355 1263 1436 1290 11011
1471 1264 1560 1290 011111
1584 1252 1706 1305 agris
1739 1252 1830 1290 sitis
1856 1253 1966 1292 circa

109 1318 311 1371 prefatam
345 1320 482 1358 villam
514 1319 725 1358 Vockow.
770 1332 872 1371 quos
906 1320 958 1358 ab
992 1321 1229 1360 Hermanno
1264 1319 1315 1359 de
1348 1320 1595 1359 Lethowicz
1640 1327 1679 1359 et
1713 1320 1966 1360 Sebastiano

108 1390 274 1439 propria
307 1389 483 1439 pecunia
516 1389 862 1439 0011111313111111115Ἴ
904 1388 957 1427 ad
991 1388 1121 1427 dictos
1155 1389 1364 1428 abbatem.
1400 1393 1650 1427 conuentum
1683 1396 1721 1428 ct
1754 1396 1965 1429 monaste-

108 1457 210 1496 rium
242 1457 373 1496 libere
406 1468 455 1495 ac
489 1457 580 1495 sine
614 1456 940 1496 contradictione
974 1461 1015 1496 et
1049 1455 1288 1496 difficultate
1323 1457 1461 1508 aliqua
1494 1456 1715 1496 redituras.
1781 1458 1965 1497 Predicti

109 1529 243 1564 autem
275 1525 406 1564 abbas
440 1529 481 1563 et
514 1533 744 1564 conuentus
778 1524 963 1564 confessi
995 1532 1111 1577 sunt.
1160 1525 1291 1564 dictas
1333 1526 1563 1579 sexaginta
1596 1538 1757 1565 marcas
1790 1526 1964 1576 predicti

108 1593 303 1645 ponderis
337 1598 377 1632 et
410 1594 580 1647 argenti
621 1604 669 1632 se
702 1605 727 1632 a
760 1594 878 1632 nobis
920 1607 993 1645 pro
1028 1594 1147 1633 dictis
1181 1594 1291 1633 villis
1332 1595 1601 1648 integraliter
1634 1595 1874 1647 recepisse.
1917 1608 1967 1634 ac.

107 1662 150 1700 111
194 1673 309 1700 suam
355 1666 396 1701 et
437 1661 533 1700 dicti
576 1663 811 1701 monasterii
853 1663 1065 1702 utilitatem
1108 1664 1390 1702 conuertisse.
1438 1669 1477 1702 91
1515 1664 1791 1714 promiserunt
1832 1665 1964 1703 nobis.

108 1729 337 1769 huiusmodi
379 1731 714 1783 concessionem7
760 1730 1019 1770 traditionem
1058 1736 1098 1771 91
1140 1733 1373 1771 cessionem
1407 1732 1596 1770 villarum
1637 1733 1817 1782 ipsarum
1851 1739 1964 1772 ratas

109 1809 273 1848 semper
307 1804 348 1837 et
381 1797 515 1837 firmas
548 1804 693 1838 tenere
725 1811 775 1838 ae
809 1811 1005 1852 seruare.
1048 1805 1089 1839 et
1122 1804 1265 1839 contra
1308 1812 1380 1839 eas
1415 1800 1524 1840 nullo
1561 1813 1747 1852 umquam
1781 1805 1965 1852 tempore

108 1877 183 1917 per
222 1877 269 1905 se
303 1866 370 1904 uel
404 1866 523 1904 alium
567 1873 635 1905 aut
677 1867 781 1906 alios
824 1867 875 1906 de
916 1868 1005 1907 iure
1037 1869 1105 1907 uel
1140 1868 1191 1908 de
1233 1867 1342 1908 facto
1375 1869 1542 1908 uenire.
1591 1873 1709 1920 prout
1742 1870 1782 1907 in
1817 1870 1963 1909 litteris

108 1935 358 1986 patentibus.
394 1946 468 1985 per
501 1935 632 1973 dictos
665 1936 853 1974 abbatem
889 1941 930 1974 et
963 1943 1206 1975 conuentum
1231 1937 1349 1975 nobis
1383 1949 1511 1988 super
1545 1937 1623 1976 hoc
1648 1937 1767 1990 datis.
1801 1938 1963 1988 plenius

110 2003 355 2042 continetur.
434 2003 479 2041 In
523 2004 640 2041 cuins
674 2005 733 2043 191
768 2005 1039 2043 testimonium
1073 2010 1292 2055 presentes
1334 2006 1493 2044 litteras
1527 2006 1667 2057 scribi7
1714 2010 1755 2045 et
1789 2007 1962 2056 predicti

109 2070 256 2110 domini
291 2073 410 2125 regis
452 2084 501 2110 ac
535 2072 790 2111 venerabilis
834 2073 870 2110 in
908 2071 1075 2111 Christo
1110 2074 1260 2123 patris.
1307 2074 1453 2112 domini
1490 2074 1675 2123 'l'hobie.
1723 2075 1959 2129 Pragensis

109 2140 307 2191 episcopi.
347 2151 423 2178 1190
458 2152 537 2178 11011
573 2147 711 2179 nostro
747 2145 787 2179 et
820 2140 991 2191 predicti
1026 2140 1340 2180 Straliouiensis
1374 2143 1538 2180 abbatis
1572 2143 1725 2195 sigillis
1760 2156 1962 2194 procura-

109 2208 240 2245 uimus
273 2209 519 2247 communiri.
584 2209 730 2246 Actum
766 2214 806 2247 et
840 2209 974 2247 datum
1008 2210 1175 2263 Prage.
1209 2223 1315 2249 anno
1351 2211 1497 2249 domini
1533 2212 1766 2252 millesimo.
1803 2212 1961 2253 ducen-

110 2276 253 2315 tesimo
287 2278 558 2331 nonagesimo
594 2278 745 2328 quinto.
780 2277 854 2315 Vl.
890 2277 987 2316 Idus
1020 2278 1135 2316 Maii.
1171 2278 1330 2318 Octaue
1364 2279 1618 2318 Indictionis.

416 2396 468 2427 Ex
493 2398 610 2437 origin.
635 2398 666 2427 in
691 2397 816 2428 archiv.
841 2408 924 2429 mon.
950 2398 1065 2429 Litom.
1091 2398 1198 2429 Prcm.
1223 2398 1283 2429 37.
