2217 2829
992 149 1050 188 91

88 289 141 329 de
175 289 295 327 dictis
323 289 500 340 juribus
535 289 642 328 litem
678 288 745 327 vel
767 288 1093 327 controversiam
1117 299 1199 326 non
1222 284 1379 326 inferre
1414 310 1469 314 —
1503 297 1582 326 nec
1614 284 1810 326 inserenti
1844 299 1948 326 con-

88 358 247 397 sentire
282 381 336 385 ——
380 363 419 397 et
453 357 663 408 predictas
702 357 1021 408 restitutionem7
1068 356 1322 407 cessionem7
1365 355 1751 394 renuncciacionem
1793 360 1833 394 et
1875 368 1947 395 re-

87 426 374 479 signat-ionem
410 430 608 477 perpetuo
643 424 790 463 firmas.
824 428 938 462 ratas
981 428 1022 463 et
1062 428 1213 478 gratas
1254 423 1412 463 habere
1453 428 1600 463 tenere
1643 428 1684 462 et
1717 424 1948 463 obseruare

88 518 142 521 —
178 498 217 533 et
251 506 330 533 non
365 491 654 533 contrafacere
693 493 761 532 vel
804 494 950 532 venire
988 503 1063 543 per
1104 504 1180 530 nos
1221 492 1291 531 vel
1334 503 1409 543 per
1450 491 1570 530 alium
1604 492 1744 542 aliqua
1778 493 1948 532 racione

87 562 156 601 vel
191 574 318 601 causa
351 566 421 600 aut
454 563 641 615 negotio.
677 561 728 601 de
760 562 866 600 Jure
899 561 968 600 vel
1004 560 1056 600 de
1089 558 1212 599 facto.
1257 560 1347 600 Nec
1380 559 1432 598 ad
1467 561 1774 599 renovationem
1809 572 1949 599 eorum

85 630 308 669 remedium
344 630 410 669 vel
445 631 639 668 auxilium
674 641 854 681 querere
899 641 924 667 a
965 628 1068 668 sede
1101 628 1329 679 apostolica
1371 628 1439 667 vel
1475 628 1620 681 legato
1659 629 1788 679 ipsius
1822 629 1889 668 vel
1925 641 1949 667 a

85 697 339 752 Moguntino
373 703 444 737 aut
476 711 499 737 a
534 699 719 749 principe
752 702 908 737 nostro.
942 700 1011 735 aut
1031 697 1138 735 ullas
1172 708 1298 747 super
1330 696 1408 736 hoc
1442 697 1585 735 literas
1620 697 1688 735 vel
1723 697 1949 750 privilegia

86 767 297 817 inpetrare
330 767 399 805 vel
432 767 650 818 inpetratis
684 767 754 804 uti.
793 766 887 805 Hec
920 766 1052 803 omnia
1094 769 1135 804 et
1167 765 1338 819 singula
1380 777 1456 803 nos
1490 765 1788 804 obseruaturos
1832 766 1948 805 iure-

86 833 259 873 iurando
294 834 344 873 ad
379 840 563 874 sanctam
606 834 672 874 dei
706 846 870 873 crucem
904 832 1192 872 confirmantes
1226 857 1281 860 —
1324 833 1429 885 quod
1466 834 1499 871 si
1535 834 1573 871 in
1608 834 1744 885 aquuo
1779 838 1949 873 contra-

85 903 324 941 venerimus
357 904 397 941 in
431 903 646 954 permissis
681 903 751 941 vel
793 903 832 940 in
875 902 1011 953 aliquo
1052 902 1364 953 permissorum7
1411 906 1553 952 preter
1591 914 1737 953 penam
1781 904 1948 953 perjurii

85 969 137 1008 ad
180 970 433 1010 solucionem
476 971 743 1010 ducentarum
786 982 1014 1008 marcarum
1051 970 1220 1023 argenti
1254 981 1362 1020 pene
1395 971 1556 1009 nomine
1600 976 1639 1008 et
1678 970 1730 1008 ad
1765 969 1948 1010 refusio-

85 1049 178 1077 nem
212 1038 472 1089 dampnorum
508 1050 784 1090 expensarum
818 1043 859 1077 et
891 1039 1100 1077 interesse
1134 1037 1241 1076 dicto
1275 1039 1381 1089 patri
1415 1043 1455 1078 et
1489 1039 1808 1078 successoribus
1843 1041 1947 1090 ejus.

85 1117 161 1145 nos
195 1112 235 1145 et
268 1119 542 1147 successores
577 1112 618 1146 et
642 1107 861 1146 ecclesiam
896 1111 1075 1145 nostram
1100 1107 1329 1145 certissime
1354 1106 1591 1161 obligamus
1625 1112 1666 1147 et
1700 1108 1778 1146 hiis
1812 1110 1944 1147 omni-

86 1174 164 1212 bus
206 1175 350 1213 solutis
392 1182 433 1215 et
471 1174 626 1214 refusis
669 1175 951 1214 nichilominus
994 1175 1196 1225 permissa
1237 1175 1369 1213 omnia
1415 1179 1455 1214 et
1498 1176 1669 1229 singula
1711 1177 1946 1216 obseruare

85 1241 402 1282 Renunciantes
437 1255 564 1294 super
605 1243 682 1281 hiis
723 1247 863 1282 nostro
903 1246 943 1281 et
976 1254 1265 1281 successorum
1299 1248 1531 1282 nostrorum
1569 1256 1619 1282 ac
1653 1245 1835 1284 ecclesie
1870 1258 1948 1284 no-

85 1313 174 1349 stre
207 1312 368 1350 nomine
402 1312 635 1362 exceptioni
675 1324 755 1349 non
788 1311 928 1349 habite
960 1322 1036 1350 seu
1070 1322 1151 1349 non
1185 1315 1354 1361 recepte
1387 1313 1562 1362 pecunie
1610 1313 1679 1352 vel
1713 1314 1753 1351 in
1788 1314 1947 1352 vtilita-

86 1381 167 1417 tem
200 1380 381 1418 ecclesie
415 1386 556 1418 nostre
595 1391 672 1417 non
709 1391 913 1419 conuerse
955 1379 1249 1429 excepcionem
1289 1378 1369 1418 doli
1413 1379 1641 1419 condicioni
1685 1382 1776 1420 siue
1818 1394 1947 1421 causa

87 1450 128 1484 et
162 1447 200 1484 in
236 1445 386 1486 sactum
419 1447 668 1486 subsidiarie
703 1453 743 1486 et
775 1446 1037 1501 generaliter
1078 1447 1182 1485 omni
1229 1446 1429 1486 beneficio
1473 1452 1513 1487 et
1555 1449 1781 1503 privilegio
1816 1452 1944 1489 resti-

87 1515 262 1553 tucionis
297 1516 335 1553 in
370 1517 578 1569 integrum
623 1539 677 1543 —
720 1516 929 1554 literarum
963 1526 1127 1566 quoque
1161 1516 1476 1566 apostolicarum
1520 1521 1561 1555 et
1594 1517 1946 1571 indulgentiarum

85 1583 381 1633 inpetratarum
415 1588 593 1622 ratarum
628 1588 665 1622 et
702 1582 1036 1635 inpetramlarum
1070 1584 1354 1635 cuiuscunque
1387 1585 1544 1623 tenoris
1577 1598 1654 1624 seu
1688 1584 1817 1626 forme
1852 1589 1946 1626 exi-

29 1688 42 1698 ]
88 1655 210 1689 stant.
277 1650 627 1691 Constitucionem
671 1653 791 1691 etiam
825 1652 998 1690 omnium
1040 1655 1079 1690 et
1125 1652 1397 1702 quarumlibet
1437 1654 1725 1704 exceptionum
1770 1654 1821 1694 de
1849 1656 1946 1706 jure

88 1718 206 1756 nobis
240 1721 552 1770 competentium
587 1727 625 1759 et
652 1720 914 1771 generaliter
947 1720 1051 1758 omni
1084 1720 1237 1758 auxilio
1267 1721 1373 1771 Juris
1402 1722 1590 1760 canonici
1625 1726 1666 1761 et
1700 1723 1836 1761 civilis
1869 1735 1946 1762 nos

88 1786 259 1836 predicti
294 1789 497 1840 magister
531 1788 781 1826 l'ardussius
817 1788 1063 1838 prepositus.
1097 1786 1305 1826 Martinus
1340 1788 1537 1828 decanus.
1573 1790 1743 1829 Vlricus
1775 1788 1944 1830 Custos.

87 1854 284 1893 Nicolaus
317 1854 586 1893 scolasticus.
621 1855 833 1909 Magister
868 1855 1017 1894 Petrus
1052 1855 1365 1894 Protonotarius
1399 1857 1543 1911 Regni
1577 1858 1759 1897 Boemie.
1793 1858 1944 1913 Magi-

88 1927 175 1961 ster
225 1921 475 1975 Gregorius.
534 1923 744 1961 Nicolaus.
795 1921 1027 1962 Conradus.
1086 1922 1362 1962 Swatoslaus.
1417 1925 1609 1964 Lowata.
1665 1926 1943 1966 Merkelinus.

88 1991 351 2043 Hartungus.
389 1991 622 2029 Radislans.
659 1993 821 2029 l'etrus.
857 1991 1114 2029 Domaslaus.
1148 1991 1378 2031 ¹lohannes.
1414 1991 1617 2032 Canonici
1651 1994 1943 2034 Boleslauien-

87 2059 146 2097 sis
180 2059 360 2097 ecclesie
395 2059 590 2109 predictis
628 2060 812 2097 omnibus
856 2057 1110 2097 interfuimus
1153 2060 1405 2099 restituimus
1449 2063 1781 2100 rentnlciauimus
1824 2062 1942 2101 resu-

88 2127 262 2164 tauimus
296 2128 535 2177 promissum
569 2133 608 2165 et
636 2128 876 2178 jurauimns.
952 2127 1003 2164 Et
1036 2118 1075 2164 in
1110 2126 1187 2165 11115
1221 2128 1408 2167 omnibus
1442 2141 1523 2179 que
1565 2128 1677 2168 sacta
1709 2136 1805 2168 sunt
1839 2143 1942 2170 con-

88 2194 219 2232 silium
253 2206 416 2244 operam
452 2201 489 2234 et
515 2196 799 2234 assensionem
823 2202 1003 2233 nostram
1036 2194 1278 2234 adhibemus
1312 2200 1351 2235 et
1381 2197 1641 2235 adhibuimus
1675 2202 1716 2237 et
1750 2210 1824 2249 per
1853 2212 1942 2237 ma-

89 2274 180 2300 num
214 2262 370 2300 Nic-olai
414 2263 621 2301 scolastici
665 2264 792 2301 nostri
835 2263 1098 2313 presentibus
1139 2263 1435 2302 subscribimus
1478 2265 1527 2303 ad
1573 2265 1699 2304 robur
1742 2272 1941 2316 perpetuo

88 2330 317 2368 valiturum.
383 2331 433 2369 Et
468 2337 509 2369 ut
544 2331 826 2370 nichilominus
859 2332 991 2369 omnia
1034 2336 1073 2370 et
1115 2332 1285 2385 singula
1327 2334 1528 2383 premissa
1571 2338 1662 2372 rata
1704 2338 1745 2373 et
1787 2335 1943 2373 illibata

88 2399 311 2448 persistant
346 2404 385 2437 et
427 2399 536 2437 nullo
569 2405 751 2450 tempore
793 2401 949 2450 possint
992 2399 1169 2438 convelli
1211 2401 1352 2453 sigillo
1391 2402 1651 2451 prepositure
1693 2406 1734 2441 et
1775 2403 1943 2453 capituli

89 2465 414 2504 Boleslauiensis
458 2477 676 2517 presentes
720 2468 861 2506 literas
902 2468 1135 2506 curauimus
1182 2469 1429 2507 communiri.
1494 2469 1643 2509 Datum
1688 2471 1726 2508 in
1770 2471 1937 2509 Bolesla

1425 2538 1533 2580 12*
