2217 2829
1003 140 1104 180 203

976 301 1128 342 CXCI.

127 411 384 452 Rememdus
424 411 476 450 de
508 412 814 462 Lichtenbwy,
855 416 996 452 custos
1034 413 1241 453 sih-arum
1278 427 1357 465 per
1387 417 1611 456 Boe'miam
1653 421 1693 456 et
1724 420 1977 473 Morsu-iam,

126 480 256 518 sileas
286 480 531 518 monasterii
571 480 915 519 Welelnvdensis
947 481 997 519 ab
1031 481 1170 520 alieno
1202 484 1404 532 regimine
1438 485 1601 523 eoeimit.
1647 486 1748 525 Dto.
1781 488 1977 541 Brmme,

580 549 662 599 fer.
696 548 780 586 III.
811 551 906 599 post
935 550 1097 600 festum
1129 549 1337 589 Paschae.
1374 551 1516 590 1306.

281 653 497 704 Nouerint
528 665 715 704 Vniuersi
751 667 1011 716 presencium
1043 668 1324 718 inspectores:
1371 668 1489 717 Quod
1526 683 1601 710 nos
1634 673 1892 713 Remundus
1924 676 1976 715 de

125 732 483 772 Leuclztenbwvlt
515 734 759 773 auctoritate
793 738 835 772 et
866 734 1056 774 mandato
1089 737 1346 775 serenissimi
1373 737 1519 777 domini
1543 741 1673 779 nostri
1697 741 1836 794 Regis
1861 743 1975 783 Boe-

124 801 202 839 mie
234 804 374 839 custos
405 800 615 839 silum-um
645 813 722 852 per
754 801 977 840 Boeme'am
1009 805 1049 841 et
1081 803 1325 843 Jlorauiam
1357 807 1604 845 constitutus
1637 809 1823 848 omnibus
1856 811 1975 851 nobis

124 867 298 907 subditis
330 869 370 907 in
404 867 510 907 dicto
544 866 676 908 officio
718 874 759 908 et
799 870 999 909 subiectis
1037 870 1179 909 damus
1220 870 1385 912 firmiter
1424 874 1465 912 in
1498 874 1719 928 mandatis7
1761 881 1805 914 vt
1838 879 1975 918 nullus

124 946 264 975 eorum
295 936 372 974 sub
405 936 573 975 obtentu
606 938 755 989 gracie
788 943 930 977 nostre
962 937 1014 977 de
1044 938 1166 977 siluis
1198 940 1491 994 religiosorum
1525 943 1704 982 virorum
1737 944 1900 984 abbatis
1934 950 1976 986 et

122 1008 354 1042 conuentus
387 1003 438 1043 de
481 1004 707 1054 IVeIeyrad
738 1005 835 1055 [se]
869 1006 1137 1046 intromittere
1171 1006 1343 1051 debeat.
1385 1020 1463 1048 nec
1507 1021 1580 1049 eos
1613 1012 1834 1052 occasione
1868 1025 1974 1065 qua-

122 1082 287 1122 cunque
319 1076 492 1122 accepta
525 1073 563 1112 in
599 1072 753 1111 eisdem
786 1073 902 1112 siluis
935 1073 1170 1125 aliqualiter
1202 1076 1472 1129 perturbare3
1505 1078 1582 1117 sed
1615 1079 1771 1118 eisdem
1804 1079 1974 1122 dominis

123 1142 165 1178 et
195 1136 392 1178 fratribus
425 1140 555 1179 siluas
597 1152 696 1179 suas
728 1152 803 1191 per
835 1153 933 1180 suos
966 1141 1162 1181 custodes
1202 1144 1391 1194 proprios
1422 1145 1547 1185 liceat
1588 1146 1726 1187 taliter
1760 1149 1971 1190 custodire

123 1209 165 1245 et
195 1207 453 1260 gubernare,
495 1213 614 1258 prout
646 1220 785 1249 eorum
818 1210 981 1249 vtilitati
1013 1210 1186 1261 amplius
1217 1210 1397 1251 viderint
1434 1213 1660 1264 expedire3
1706 1215 1784 1254 hoc
1817 1220 1973 1256 tantum

123 1285 224 1313 casu
257 1280 447 1327 excepto7
480 1276 587 1327 quod
621 1277 787 1317 easdem
820 1277 1007 1318 vendere
1039 1279 1169 1317 siluas
1202 1281 1414 1319 extraneis
1448 1282 1763 1334 quibuscunque
1797 1284 1972 1324 homini-

123 1342 201 1382 bus
234 1342 353 1383 dictis
386 1342 583 1383 fratribus
616 1345 727 1384 nulla
759 1346 811 1384 sit
844 1346 1017 1385 licencia
1041 1347 1110 1385 vel
1143 1344 1333 1386 facultas.
1396 1348 1464 1387 Ad
1493 1350 1682 1388 noticiam
1716 1358 1851 1391 autem
1885 1365 1972 1392 om-

124 1411 232 1449 nium
272 1412 511 1463 supradicta
550 1413 602 1452 ob
643 1413 749 1453 hanc
791 1425 959 1453 causam
999 1413 1237 1454 deducimus
1278 1422 1319 1455 et
1359 1416 1524 1467 publice
1566 1418 1752 1457 volumus
1794 1422 1974 1461 transire

124 1483 219 1531 tum,
265 1480 361 1531 quia
402 1481 694 1520 serenissimus
736 1480 920 1520 dominus
963 1486 1104 1521 noster
1136 1483 1231 1522 Rex
1269 1488 1510 1533 prenotatus
1543 1496 1597 1524 ex
1631 1487 1898 1537 inspeccione
1931 1494 1973 1528 et

124 1543 309 1587 efficacia
341 1548 655 1602 priuilegiorum
688 1548 885 1588 dictorum
919 1548 1088 1589 fratrum
1120 1550 1161 1589 id
1194 1551 1255 1590 eis
1289 1556 1524 1602 competere
1559 1564 1665 1593 voce
1697 1555 1863 1605 publica
1896 1556 1972 1596 de-

123 1615 312 1669 clarauit7
345 1615 519 1656 dilectus
552 1617 679 1656 eciam
713 1620 884 1668 patruus
916 1623 1071 1670 noster.
1105 1617 1267 1658 Stenlco
1301 1620 1352 1659 de
1385 1621 1660 1672 Jloybeuerik
1693 1622 1972 1678 (Maidburg]

125 1683 166 1722 in
198 1683 411 1734 sepedicto
443 1685 581 1737 officio
614 1697 691 1723 nos
718 1685 951 1737 precedens
992 1685 1044 1725 de
1076 1686 1272 1737 predictis
1306 1688 1492 1727 omnibus
1524 1700 1600 1728 nos
1634 1688 1808 1730 fideliter
1840 1690 1972 1730 infor-

126 1752 261 1790 mauit.
325 1751 373 1790 In
405 1752 546 1791 hoium
578 1754 749 1792 omnium
782 1753 1038 1793 euidenciam
1070 1755 1303 1805 ampliorem
1336 1756 1490 1809 sigillis
1520 1758 1672 1796 nostris
1706 1758 1899 1798 videlicet
1933 1764 1974 1799 et

127 1818 223 1858 dicti
256 1820 389 1870 patrui
422 1821 549 1859 nostri
573 1819 800 1859 Stenkonis
832 1827 1052 1871 presentes
1085 1820 1257 1861 fecimus
1290 1825 1538 1863 communiri.
1584 1825 1734 1865 Datum
1763 1831 1808 1871 et
1840 1833 1972 1866 actum

126 1886 296 1926 Brunne
329 1888 511 1938 proxima
543 1886 648 1927 feria
681 1889 810 1927 tercia
844 1893 935 1939 post
967 1888 1071 1928 diem
1104 1889 1282 1941 pasche3
1315 1903 1422 1930 anno
1456 1892 1604 1932 domini
1636 1891 1882 1934 MCCCVI.

434 1993 463 2024 E
489 1993 604 2025 codice
629 1993 779 2025 VVelchr.
806 1994 860 2024 fol.
886 1993 946 2025 70.
971 1996 1001 2025 in
1026 1995 1162 2026 archivo
1187 1995 1335 2037 ejusdem
1360 2000 1560 2029 monasterii.

962 2139 1134 2181 CXCII.

287 2247 500 2313 Joannes,
542 2260 761 2311 episcopus
795 2258 1102 2313 olomucensis,
1143 2264 1412 2316 recognoscit
1443 2274 1570 2314 super
1601 2264 1805 2305 solutione
1839 2265 1972 2305 dena-

129 2327 279 2366 riorum
311 2326 554 2367 decimorum
578 2326 630 2366 ad
654 2328 893 2367 coenobium
918 2325 1197 2368 Chunicense.
1231 2329 1382 2369 Datum
1414 2331 1468 2370 V.
1493 2330 1593 2370 Idus
1614 2331 1784 2383 Aprilis.
1824 2333 1972 2374 1306.

438 2434 519 2466 Cod.
544 2434 649 2466 chart.
674 2434 699 2465 1.
724 2435 747 2466 s.
771 2432 820 2467 95
843 2436 875 2467 in
899 2435 1036 2468 archivo
1061 2437 1160 2476 capit.
1185 2435 1333 2468 Olomuc.

1443 2584 1508 2624 26
1528 2582 1559 2613 ἑὲ
