2217 2829
1013 144 1108 183 145

937 304 1178 346 CXXXIX.

129 420 276 459 Bludo
314 419 365 458 de
397 419 519 470 ,ΙὶιξῘη
561 419 762 458 ecclesiae
800 417 1060 470 parrochiali
1091 418 1136 456 in
1175 418 1365 468 Hnoqice
1398 418 1583 458 decimas
1614 418 1741 457 villae
1784 419 1986 458 Paowice

362 488 563 536 assiqnat.
629 488 728 525 Dto.
762 488 808 525 in
839 486 982 536 riqilz'a
1015 487 1317 537 assumptionis
1353 486 1389 525 b.
1423 487 1483 526 M.
1526 486 1574 527 V.
1610 486 1753 525 1302.

292 595 505 645 Humanis
538 605 872 644 ordinacionibus
905 605 1185 644 contractibus
1219 608 1344 656 atque
1377 607 1509 656 pactis
1542 610 1585 645 ut
1617 610 1713 657 puta
1734 605 1903 645 caducis
1937 617 1986 646 ac

131 675 405 714 mutabilibus.
449 678 615 724 propter
656 672 925 727 fragilitatem
966 673 1168 712 hominum
1213 678 1522 713 consueuerunt
1562 674 1712 725 apponi
1754 675 1986 713 testimonia

132 742 438 782 racionabiliter
470 739 549 781 fide
582 741 725 794 digna.
761 746 965 792 quatenus
999 753 1079 781 non
1121 744 1260 792 pateat
1292 741 1407 780 locus
1442 740 1656 781 fraudibus
1697 745 1738 781 et
1771 741 1987 781 decidatur

131 811 302 849 materia
336 811 577 863 iurgIorum.
641 809 823 848 Proinde
856 810 955 863 Ego
988 808 1120 848 Bludo
1153 809 1253 848 baro
1282 812 1394 848 terre
1418 810 1598 849 morauie
1624 809 1756 849 dictus
1791 809 1842 848 de
1866 810 1986 860 'syz-

131 889 239 928 ceyn
280 878 333 916 ad
367 879 554 916 noticiam
591 879 851 928 presencium
884 882 925 916 et
957 878 1009 916 ad
1037 878 1266 917 memoriam
1301 876 1526 916 futurorum
1560 879 1679 929 cupio
1720 878 1985 929 presentibus

132 946 345 986 deuenire.
380 946 487 997 quod
521 946 573 985 ad
608 946 733 984 diuini
767 946 940 984 numinis
974 946 1123 984 cultum
1147 945 1417 995 ampliandum
1451 946 1489 983 in
1515 946 1709 985 Ecclesia
1738 946 1986 997 parrochiali

132 1014 255 1053 beate
289 1015 470 1067 virginis
513 1015 551 1052 in
595 1014 814 1063 Hnoynicz
857 1015 935 1052 sita
977 1014 1016 1052 in
1048 1013 1384 1052 archidiaconatu
1422 1012 1697 1053 Olomucensi.
1740 1014 1987 1053 considera-

133 1083 263 1122 cionis
297 1094 386 1121 mee
419 1082 561 1120 oculos
596 1082 785 1135 dirigens
823 1094 872 1121 ac
905 1086 1139 1121 eternorum
1182 1082 1325 1120 intuitu
1360 1083 1506 1121 volens
1540 1083 1746 1121 seminare
1780 1083 1819 1120 in
1849 1083 1987 1122 terris.

134 1154 338 1201 quatenus
372 1150 634 1200 multiplicato
668 1149 802 1188 fructu
836 1149 875 1188 id
900 1150 1155 1203 recolligere
1185 1150 1348 1201 possim.
1383 1150 1554 1189 edoctus
1587 1162 1714 1201 super
1748 1162 1797 1190 eo
1833 1151 1871 1189 in
1898 1149 1988 1190 foro

135 1219 371 1269 penitencie
405 1218 615 1256 salutaris.
660 1218 839 1257 decimas
873 1219 994 1269 pleno
1028 1219 1117 1257 iure
1150 1218 1202 1258 de
1235 1218 1384 1257 allodio
1419 1219 1456 1256 in
1491 1230 1581 1257 mea
1614 1219 1713 1257 villa
1746 1219 1988 1268 Pnyewicz.

134 1287 213 1324 sito
248 1287 287 1324 in
316 1286 535 1337 parrochia
569 1284 742 1337 prefata.
777 1287 854 1337 ipsi
888 1286 1082 1326 Ecclesie
1116 1286 1221 1326 dono
1255 1290 1296 1326 et
1329 1285 1499 1326 consero
1532 1287 1761 1326 liberaliter
1794 1299 1868 1338 per
1889 1299 1989 1338 pre-

135 1359 290 1393 sentes.
355 1354 419 1393 Ne
453 1359 585 1393 autem
620 1359 698 1393 tam
732 1354 910 1392 salubris
945 1366 1018 1405 per
1051 1367 1113 1393 me
1147 1353 1257 1394 sacta
1291 1354 1463 1394 donacio
1496 1367 1521 1394 a
1555 1367 1757 1407 quoquam
1790 1355 1990 1395 heredum

135 1422 465 1473 proheredumve
507 1433 685 1461 meorum
722 1427 790 1461 aut
832 1424 961 1461 eciam
1004 1424 1150 1474 quouis
1192 1427 1393 1463 extraneo
1436 1422 1607 1477 infringi
1647 1424 1799 1463 valeat.
1847 1426 1917 1462 aut
1950 1425 1988 1463 ei

139 1502 242 1529 ausu
275 1491 494 1529 temerario
527 1492 734 1529 contraire
776 1491 953 1530 volendo
995 1492 1124 1542 ipsam
1167 1492 1292 1531 robur
1332 1492 1520 1531 obtinere
1559 1495 1759 1543 perpetue
1793 1490 1990 1530 firmitatis

136 1570 313 1610 presens
346 1559 539 1609 scriptum
574 1560 650 1597 mei
684 1559 956 1610 dependentis
990 1560 1121 1613 sigilli
1156 1561 1255 1599 iussi
1287 1561 1505 1599 munimine
1538 1561 1794 1614 consignari.
1842 1560 1989 1599 Actum

136 1631 177 1666 et
210 1626 345 1665 datum
379 1628 418 1665 in
451 1627 689 1678 supradicta
722 1628 820 1666 villa
862 1632 1004 1667 nostra
1042 1628 1270 1678 l’nyewicz
1308 1629 1583 1668 mediantibus
1617 1627 1804 1667 fidelibus
1837 1629 1990 1667 nostris

137 1696 350 1744 troyaneio
386 1694 519 1733 famuli
563 1696 692 1734 nostri
735 1700 775 1734 et
807 1708 1015 1747 pezsrone
1057 1700 1324 1747 procuratore
1361 1700 1515 1736 nostro.
1579 1697 1702 1736 Anno
1737 1696 1895 1735 domini.
1929 1696 1988 1735 Μ.

139 1760 267 1801 CCC.
300 1763 496 1802 secundo.
563 1764 607 1801 In
643 1764 789 1816 vigilia
822 1766 1120 1815 assumpcionis
1154 1765 1276 1804 beate
1310 1766 1491 1819 virginis
1524 1766 1725 1819 gloriose.

449 1862 498 1892 Ex
523 1863 672 1903 originali
698 1864 727 1893 in
752 1863 887 1894 archivo
911 1863 1060 1905 ejusdcm
1086 1864 1263 1895 ecclcsiae.

996 2022 1126 2063 (fxla.

152 2132 446 2170 isene-eslans.
493 2145 574 2169 rm·
616 2133 817 2171 Boitmiae
859 2138 897 2172 el
935 2134 1160 2173 I'olom'ac.
1206 2135 1346 2173 ordine?
1379 2135 1426 2175 S.
1460 2136 1646 2173 ‚laamas
1681 2135 1987 2185 Hierosolymi-

141 2200 232 2237 1(ιηί
269 2201 347 2250 jas
386 2203 640 2250 palronalns
684 2202 883 2240 ecelesiae
925 2204 965 2240 in
1013 2202 1218 2241 {llubeice
1259 2203 1491 2255 ‹mifirmaL
1568 2203 1664 2241 mo.
1711 2204 1751 2240 in
1797 2203 1986 2242 olomuc.

681 2270 760 2307 ΙΙΙ.
799 2270 981 2308 Kalend.
1016 2270 1276 2321 Septembris
1313 2271 1451 2309 1:302.

294 2374 394 2423 Ros
431 2387 718 2426 U'enrezlaus
754 2388 830 2426 Dei
865 2390 1003 2441 gratia
1041 2389 1234 2429 Boheniie
1268 2395 1306 2428 et
1343 2390 1512 2427 l'olonie
1547 2400 1634 2427 rex.
1700 2389 1846 2428 Notum
1882 2388 1987 2427 saci-

140 2465 227 2491 mus
260 2454 465 2491 universis
503 2462 580 2492 tam
616 2456 898 2505 presentibus.
938 2468 1054 2507 quain
1090 2456 1252 2495 suturis.
1288 2457 1391 2508 qnod
1430 2470 1503 2494 nos
1537 2469 1589 2495 ex
1623 2458 1819 2507 specialis
1855 2457 1985 2496 dilec-

140 2522 260 2559 tionis
295 2521 463 2559 all'‹·‹·tu.
508 2535 623 2573 quem
668 2524 715 2561 ad
753 2524 932 2563 ordinem
976 2526 1188 2575 hospitalis
1222 2527 1351 2563 sancti
1386 2525 1590 2563 ,iohannis
1624 2526 1985 2575 Hierosolymitani

1516 2597 1574 2636 19
