2258 2844
1047 168 1106 208 13

150 323 223 350 nos
258 310 510 349 venerabilis
545 309 582 347 in
619 307 786 347 Christo
820 307 948 358 patris
982 305 1127 343 domini
1163 305 1324 344 Thobie
1359 305 1594 359 pragensis
1629 305 1829 355 episcopi.
1866 304 2001 343 dilecti

149 379 344 430 principis
378 377 681 430 consanguinei
716 376 858 426 nostri.
892 373 1262 425 supplicationibus
1287 373 1514 411 humillimis
1549 371 1795 411 satisfacere
1829 374 2001 424 cupien-

148 454 235 486 tes,
279 445 553 485 venditionem
588 446 624 482 in
660 443 927 495 XVodochot7
969 441 1117 481 factam
1152 441 1259 480 dicto
1293 443 1487 493 episcopo
1521 453 1596 492 per
1630 442 1742 480 viros
1778 441 2002 494 religiosos

148 493 365 554 Eklzonem
397 515 640 567 magistrum
675 517 715 551 et
748 510 901 550 fratres
936 511 1077 550 domus
1102 510 1234 549 sancti
1269 509 1483 548 Laurentii
1513 509 1668 549 ordinis
1697 509 1833 547 militie
1866 509 2002 560 templi

147 582 471 621 Jerusalimitani
506 582 544 618 in
580 580 737 633 Praga.
773 585 900 618 ratam
935 585 975 618 et
1008 583 1173 632 gratam
1206 578 1418 629 habemus.
1453 579 1574 629 eique
1603 581 1784 616 nostrum
1816 578 2002 631 benigne

147 656 379 700 prestamus
421 660 650 687 assensum.
715 648 761 686 In
809 648 925 686 cuius
967 647 1025 685 rei
1073 647 1342 685 testimonium
1387 652 1606 697 presentes
1650 646 1790 684 literas
1833 645 1917 685 fieri
1961 653 2002 685 et

148 718 379 771 sigillorum
414 723 642 756 nostrorum
670 716 897 754 monumine
931 714 1104 754 fecimus
1131 715 1378 754 conmnmiri.
1444 715 1592 753 Datum
1625 714 1771 767 Prage
1806 726 1879 764 per
1912 727 2000 753 ma-

148 798 226 824 nus
266 786 454 838 magistri
507 785 618 823 Petri
671 784 964 835 prothonotarii
1018 784 1170 829 nostri„
1220 784 1479 836 pragensis.
1530 782 1919 821 U'iatislawiensis
1962 788 2002 822 et

147 852 532 906 u⁷isseg1‘ade11sis
575 853 844 891 ecclesiarum
879 852 1078 891 canonici.
1142 852 1265 890 Anno
1306 851 1467 889 Domini
1510 852 1569 890 M.
1605 850 1692 890 CC.
1729 852 2001 905 nonagesimo

148 927 293 973 quarto
327 921 423 959 Vll.
459 920 557 959 Idus
591 920 862 971 Septembris.
898 920 993 958 Vll.
1028 919 1270 959 Indictione.

376 1015 426 1046 Ex
451 1016 601 1055 originali
626 1017 654 1046 in
676 1015 812 1046 archivo
828 1014 1054 1046 Melitensium
1071 1015 1215 1056 Pragae.
1241 1034 1280 1038 —
1307 1015 1401 1048 ‘Echel
1421 1016 1450 1046 in
1472 1021 1523 1047 reu
1545 1018 1635 1046 boian.
1656 1015 1888 1057 thtnnzri11nqcxz
1915 1018 2002 1050 1798.

149 1301 374 1338 Henre'cns.
410 1313 545 1339 come-s·
578 1301 629 1338 (le
654 1300 869 1353 Freiberq.
906 1301 1046 1339 villam
1083 1301 1406 1353 I’ot-necm.s·clors'
1433 1300 1728 1353 Sydylmamw
1751 1303 1895 1354 jiule'ci
1926 1316 2002 1342 suo

195 1369 492 1419 possidendum
529 1370 707 1420 (prefers.
774 1369 872 1407 Dto.
908 1370 948 1406 ἰη
988 1368 1190 1419 Freibety
1223 1369 1290 1407 (lie
1324 1371 1560 1408 nativitati-s·
1593 1370 1647 1408 R.
1693 1371 1737 1410 Γ.
1772 1372 1951 1410 Mariae.

1006 1437 1145 1476 1294.

325 1518 374 1568 In
409 1531 568 1570 nomine
603 1530 747 1569 domini
783 1543 913 1570 amen.
978 1531 1139 1570 Labilis
1182 1537 1244 1571 est
1287 1532 1488 1571 hominum
1531 1535 1743 1571 memoria.
1791 1534 1864 1573 sed
1905 1536 2001 1573 uiuit

148 1598 304 1637 littera.
349 1610 427 1649 qua
462 1600 629 1638 uiuente
662 1600 760 1637 uiuit
804 1607 843 1638 et
877 1601 982 1639 actio
1018 1601 1240 1639 litterarum
1275 1602 1465 1640 memorIe
1500 1602 1790 1640 commendata.
1855 1603 2002 1641 Notum

147 1667 276 1720 igitur
309 1667 362 1705 sit
395 1668 603 1706 vniuersis
637 1673 715 1706 tam
750 1669 1014 1719 presentibus
1049 1681 1168 1720 quam
1203 1668 1371 1707 suturis:
1422 1668 1539 1717 Quod
1575 1682 1649 1709 nos
1683 1671 1892 1709 Henricus
1928 1684 2001 1711 co-

147 1745 232 1773 mes
267 1734 318 1774 de
350 1735 544 1784 Fryburk
579 1737 795 1786 proborum
831 1737 1007 1776 virorum
1043 1742 1198 1776 matura
1235 1738 1532 1777 deliberatione
1575 1739 1820 1791 intercepta.
1866 1740 2000 1779 villam

148 1807 326 1840 nostram
362 1803 674 1842 Pozmansdorff
704 1804 988 1854 Sydylmanno
1028 1804 1133 1845 lideli
1173 1813 1312 1845 nostro
1357 1806 1476 1845 iudici
1521 1819 1607 1845 cum
1651 1808 1737 1846 suis
1779 1808 2001 1847 heredibus

148 1870 446 1909 rationabiliter
488 1877 527 1910 et
571 1873 646 1910 rite
688 1872 940 1912 hereditarie
984 1874 1271 1924 possidendam
1315 1876 1558 1914 contulimus
1601 1877 1638 1913 in
1684 1876 1790 1914 hunc
1824 1876 2001 1915 modum:

147 1937 262 1986 Quod
299 1938 484 1989 prefatus
519 1940 641 1978 iudex
675 1940 724 1978 ad
761 1941 910 1994 t‘Iginti
947 1947 1122 1992 quatuor
1160 1943 1303 1981 laneos
1347 1943 1466 1982 debet
1513 1944 1668 1982 habere
1707 1944 1846 1982 decem
1882 1947 2001 1984 annis

147 2018 236 2045 cum
271 2009 357 2045 suis
391 2008 535 2047 incolis
570 2008 794 2047 liberatem.
860 2009 1035 2060 Insuper
1069 2010 1215 2049 ibidem
1250 2011 1415 2050 habebit
1450 2025 1521 2062 pro
1556 2012 1658 2050 silua
1695 2013 1881 2051 locanda.
1921 2026 2001 2064 que

147 2074 309 2114 adiacet
343 2076 487 2126 riuulo.
522 2078 588 2127 qui
624 2082 794 2116 uocatur
824 2076 1043 2116 Coswezt.
1079 2080 1228 2131 viginti
1263 2081 1382 2117 annis
1413 2080 1653 2119 libertatem.
1709 2081 1846 2119 Debet
1880 2082 1998 2120 etiam

147 2142 303 2182 habere
337 2144 462 2183 iudex
496 2150 741 2183 memoratus
775 2158 847 2196 pro
884 2147 1265 2196 recompensatione
1298 2149 1358 2185 sui
1397 2149 1548 2186 laboris
1583 2160 1635 2187 ex
1659 2154 1836 2200 vti-aque
1870 2155 2000 2200 parte.

148 2212 186 2249 in
221 2223 345 2262 supra
381 2212 487 2251 dicta
523 2213 618 2250 villa
655 2225 773 2251 vnum
810 2214 977 2253 liberum
1014 2215 1171 2253 laneum
1200 2227 1397 2269 agrorum
1431 2217 1507 2254 sub
1541 2223 1679 2255 aratro
1713 2229 1801 2268 suo.
1836 2222 1874 2255 et
1897 2230 2000 2257 sex-

148 2285 228 2317 tum
263 2280 420 2319 laneum
457 2281 585 2319 libere
619 2282 828 2320 obtinebit.
894 2283 992 2321 ltem
1020 2284 1244 2331 tabernam.
1279 2284 1548 2323 molendinum
1581 2297 1669 2323 cum
1700 2284 1859 2323 duabus
1888 2288 2000 2339 rotis7

149 2344 319 2399 fabrum7
353 2349 558 2402 pistorem7
593 2349 823 2388 carnificem
857 2356 895 2389 et
930 2360 1126 2390 sutorem:
1161 2356 1201 2390 et
1235 2352 1463 2391 libertatem
1490 2353 1667 2391 venandi
1703 2366 1774 2404 pro
1808 2355 1894 2392 suis
1922 2366 2001 2394 ne-

148 2416 425 2455 cessitatibus.
489 2418 720 2457 Ecclesiam
754 2430 855 2458 uero
889 2431 976 2458 cum
1013 2420 1131 2459 laneo
1166 2420 1303 2473 dotali7
1339 2426 1380 2459 et
1412 2422 1572 2459 tertium
1607 2421 1815 2460 denarium
1851 2422 1902 2461 de
1936 2424 2000 2461 iu-

148 2482 253 2521 dicio
286 2484 362 2522 sibi
396 2485 566 2535 recipiat
594 2498 665 2536 pro
700 2487 817 2525 nobis
851 2487 953 2527 duos
980 2486 1152 2527 fideliter
1176 2489 1437 2528 obseruando
1468 2490 1590 2540 (sic).
1633 2490 1833 2529 Volumus
1867 2492 2001 2543 etiam„

148 2556 190 2590 ut
223 2559 320 2590 ante
353 2552 590 2603 sepedictus
624 2555 748 2593 iudex
782 2567 869 2594 cum
905 2557 990 2595 suis
1024 2557 1168 2595 incolis
1201 2557 1350 2596 habeat
1395 2558 1457 2596 ius
1493 2558 1808 2598 Lubschicense
1841 2560 1878 2597 in
1913 2572 2000 2599 om-
