2217 2829
1003 127 1092 166 121

114 281 190 307 nos
234 267 534 319 pertinentibus
578 267 615 305 in
659 266 825 304 eadem.
869 265 1055 305 dedimus
1098 265 1205 305 fideli
1249 274 1390 307 nostro
1424 267 1605 307 ‚Iohanni
1640 268 1866 323 Stangoni.
1911 283 1982 321 pro

115 338 234 376 bonis
267 338 378 375 suis.
427 348 508 388 que
543 337 581 374 in
616 335 825 385 Lybental
869 335 920 374 ab
955 336 1134 374 ecclesia
1180 344 1322 375 nostra
1357 338 1484 376 tenuit
1530 342 1569 377 et
1614 351 1694 390 que
1730 338 1780 377 de
1814 340 1983 391 antiquo

115 405 238 445 feodo
283 406 532 445 existebant.
581 416 721 444 secum
769 404 820 444 de
863 405 984 456 plano
1027 417 1129 456 pure
1173 413 1210 443 et
1259 407 1497 457 simpliciter
1539 407 1822 458 permutando.
1888 409 1983 460 quia

115 476 222 514 bona
265 474 449 526 predicta
492 475 531 513 in
570 474 780 524 Lybental
823 474 968 513 melius
1012 479 1050 513 et
1095 475 1364 526 propinquius
1412 475 1602 515 adiacent
1647 477 1800 515 ciuitati
1841 483 1982 516 nostre

114 544 383 595 Hocenploz.
440 552 477 582 et
523 544 613 594 plus
657 545 712 582 vti
762 544 983 594 poterimus
1027 543 1078 582 de
1121 543 1299 582 eisdem.
1356 546 1450 596 quia
1492 544 1708 584 informata
1751 547 1826 584 iam
1871 553 1981 599 sunt5

114 613 328 652 censualia
363 613 560 664 plantata.
599 612 880 651 concedentes
915 625 963 651 ac
998 611 1266 652 conferentes
1302 613 1409 652 dicto
1443 615 1627 653 ‚iohanni
1660 615 1895 669 Stangoiih
1943 622 1983 655 et

115 682 341 721 heredibus
375 682 478 720 eius.
513 682 707 720 masculis
743 681 958 720 duntaxat.
995 682 1182 735 legitime
1208 682 1561 723 descendentibus
1596 684 1647 722 ab
1683 684 1841 724 eodem.
1877 696 1982 723 ean-

113 751 204 790 dem
252 752 388 790 villam
432 751 623 790 Pascow.
668 752 706 789 in
751 750 911 790 feodum
958 759 997 790 et
1045 752 1133 791 iure
1176 750 1305 791 feodi.
1352 752 1402 790 ad
1449 752 1696 795 babendunn
1744 753 1980 793 tenendum.

112 819 349 873 fruenduim
384 820 700 872 possidendum.
736 827 775 859 et
810 821 1002 873 quicquid
1040 821 1194 861 eximie
1227 822 1448 872 placuerit.
1483 823 1600 861 saluo
1636 823 1724 861 iure
1759 821 1981 862 fidelitatis.

114 895 313 942 perpetuo
356 888 601 929 faciendum.
645 890 722 929 hoc
756 902 860 929 onus
903 891 979 929 sibi
1025 897 1063 929 et
1107 892 1194 929 suis
1238 890 1463 930 liert-dibus
1511 892 1770 942 inponentes.
1845 899 1887 931 vt
1930 893 1981 931 de

112 967 334 998 memorata
369 959 467 998 villa
502 960 694 998 Pascoxv.
738 960 856 998 nobis
891 967 930 999 et
965 961 1284 999 successoribus
1319 962 1473 999 nostris
1508 961 1687 1000 debeant
1723 974 1811 1000 cum
1846 974 1980 1013 expe-

113 1027 196 1067 dito
240 1027 452 1068 dextrario
496 1028 725 1068 deseruire.
792 1029 843 1067 Et
887 1041 939 1068 ne
981 1030 1133 1081 aliquis
1176 1030 1397 1081 scrupulus
1441 1031 1750 1084 ambiguitatis.
1799 1031 1876 1070 sibi
1911 1031 1979 1071 vel

112 1097 339 1137 heredibus
373 1099 460 1136 suis
495 1110 570 1136 sev
607 1099 768 1149 questio
803 1098 940 1149 aliqua
975 1110 1102 1149 super
1145 1099 1328 1150 predicta
1364 1101 1686 1139 connnutacione
1730 1101 1767 1138 in
1803 1099 1980 1139 futurum

112 1167 253 1205 valeat
287 1167 479 1206 suboriri.
523 1176 744 1218 presentes
778 1168 921 1207 literas
956 1168 1108 1207 exinde
1143 1166 1242 1207 lieri.
1287 1176 1325 1207 et
1361 1176 1439 1207 tam
1484 1177 1625 1208 nostro
1660 1182 1777 1221 quam
1814 1170 1979 1221 capituli

112 1237 241 1275 nostri
277 1235 565 1275 Olomucensis
608 1237 762 1290 sigillis
801 1235 974 1276 fecimus
1009 1238 1258 1275 connnuniri.
1307 1237 1357 1276 ad
1398 1239 1456 1276 rei
1492 1240 1723 1277 memoriam
1757 1240 1979 1290 sempiter-

110 1317 214 1344 nam.
295 1305 451 1345 Testes
513 1305 633 1344 liuius
685 1307 1005 1357 permutacionis
1058 1312 1165 1345 sunt.
1241 1307 1397 1346 Paulus
1454 1309 1721 1346 camerarius.
1810 1308 1980 1347 Vlricus

112 1374 164 1414 de
198 1375 435 1414 Ronberch.
501 1376 765 1415 Hei-manuus
800 1374 961 1414 Claow.
996 1374 1180 1414 Sisi-idus
1215 1375 1266 1415 (le
1303 1376 1616 1430 Bngelsbercln
1663 1376 1893 1416 Godl'ridus
1928 1377 1980 1417 de

111 1443 388 1483 Gebenstetli.
457 1445 711 1498 Henningus
746 1444 797 1483 de
833 1444 987 1483 vrolus.
1037 1451 1076 1483 et
1112 1444 1406 1495 Hoydenricus
1442 1445 1492 1485 de
1530 1446 1792 1492 Vridelantli„
1831 1447 1979 1487 milites

109 1513 253 1552 nostri.
327 1512 534 1553 Gerlacus
586 1513 637 1552 de
687 1513 954 1564 Hocenploz.
1019 1513 1184 1553 Franco
1235 1514 1285 1553 de
1328 1514 1515 1554 Modriz.
1583 1515 1875 1556 'l‘heodericus
1927 1516 1978 1556 de

110 1582 304 1621 Pustimir
351 1589 391 1621 et
433 1582 647 1621 Arnoldus
690 1581 820 1621 frater
867 1583 970 1621 eius.
1020 1582 1247 1632 Heynusso
1296 1583 1347 1623 de
1390 1584 1628 1624 Ronbercli.
1673 1591 1712 1624 et
1759 1585 1978 1624 l'ertoldus

110 1650 241 1690 srater
273 1653 377 1691 eius.
442 1651 689 1691 Gerliardus
725 1650 887 1691 Claow.
923 1657 961 1690 et
998 1652 1150 1691 Petrus
1185 1652 1236 1692 de
1270 1652 1436 1691 Dewiz.
1472 1661 1511 1693 et
1546 1655 1613 1692 alii
1650 1666 1769 1705 quam
1803 1655 1977 1708 plurimi7

111 1718 253 1759 fideles
296 1722 438 1759 nostri.
482 1727 520 1760 et
565 1721 748 1761 ecclesie
791 1720 1092 1761 Olomucensis.
1167 1722 1315 1760 Datum
1360 1723 1398 1761 in
1435 1723 1640 1762 l'ustomir
1682 1736 1790 1763 anno
1830 1724 1977 1764 domini

110 1788 170 1827 M.
205 1787 334 1829 CCC.
379 1790 452 1828 ΙΙΙ.
485 1790 594 1840 ydus
627 1790 831 1829 Januarii.

420 1898 471 1928 Ex
497 1900 580 1939 orig.
606 1900 634 1929 in
661 1898 797 1930 archivo
824 1899 1071 1941 archiepiscop.
1104 1899 1284 1931 t'remsirii.

955 2048 1134 2089 (fxvll.

118 2159 344 2198 H'elc’slmts
377 2160 429 2199 de
462 2160 666 2200 Oiwclmw
700 2163 955 2200 111c11111sle1·e‘o
1002 2162 1322 2202 ll'elehradensi
1353 2177 1474 2202 suam
1513 2165 1693 2203 vineam.
1728 2165 1837 2203 dnus
1871 2178 1973 2204 cm·-

167 2228 320 2267 liculas
363 2232 401 2267 et
440 2231 676 2281 pomerium
722 2232 762 2268 e‘n
804 2230 1007 2269 Grec-hou:
1042 2231 1165 2281 leqal.
1232 2233 1332 2271 Dlo.
1378 2233 1504 2272 Xll'.
1543 2233 1729 2272 Kalend.
1769 2234 1910 2273 domii.

262 2392 312 2442 ln
348 2406 509 2444 nomine
544 2405 691 2444 domini
727 2418 858 2445 amen.
923 2408 1027 2456 Quia
1061 2410 1254 2448 maiorum
1289 2411 1427 2448 sanxit
1453 2411 1680 2449 auctoritas
1715 2416 1759 2449 vt
1792 2423 1855 2450 ea.
1891 2424 1972 2464 que

105 2484 194 2511 cum
230 2472 429 2512 industria
474 2481 513 2513 et
549 2474 848 2515 deliberatione
892 2489 964 2527 pro
1008 2484 1192 2529 tempore
1235 2479 1479 2518 ordinantur
1513 2479 1691 2519 debeant
1730 2481 1897 2531 scriptis
1931 2489 1973 2520 et

105 2542 346 2581 testimoniis
382 2544 573 2583 memorie
608 2545 908 2585 connncndare.
945 2546 1084 2585 borum
1115 2549 1313 2602 vestigiis
1347 2548 1577 2587 inherendo
1604 2549 1702 2602 Ego
1728 2549 1971 2589 Welizlaus

1494 2622 1552 2660 16
