2217 2829
1125 155 1227 196 208

243 298 390 334 tenore
422 294 677 345 presentium
712 298 850 332 notum
892 291 1065 332 facimus
1098 294 1310 333 vniuersis
1345 292 1463 341 Quod
1496 295 1616 334 nobis
1657 295 1697 333 in
1729 293 1893 346 prefata
1925 297 2107 336 ecclesia

242 366 386 402 nostra
428 364 469 401 in
510 362 707 416 generali
750 362 928 412 capitulo
970 362 1022 400 ad
1064 361 1323 400 tractandum
1363 362 1415 400 de
1456 362 1676 401 commodis
1718 366 1760 402 et
1800 366 1909 402 statu
1950 376 2023 414 pro
2063 367 2108 403 ut

242 432 366 470 moris
400 436 464 470 est
498 435 539 469 et
571 429 868 481 prouidendum
909 430 1157 469 vtilitatibus
1199 429 1384 470 eiusdem
1427 431 1609 470 ecclesie
1650 434 1793 470 nostre
1825 433 2107 485 congregatis

243 500 351 538 inter
383 504 524 538 cetera
560 511 641 550 que
677 499 717 536 in
750 498 806 537 ibi
840 502 1094 549 pertractata
1129 502 1170 538 et
1202 499 1419 537 terminata
1460 499 1688 538 extiterunt
1721 498 1773 538 de
1813 502 1924 538 statu
1965 499 2106 538 scola-

242 568 336 607 stici
369 572 411 606 et
443 568 532 618 ipsa
569 567 791 605 scolastria
824 566 963 606 taliter
995 567 1046 605 ad
1080 567 1392 618 requisitionem
1424 567 1681 606 venerabilis
1713 567 1754 605 in
1775 564 1945 606 Christo
1976 567 2109 618 patris

244 641 285 675 et
318 635 466 674 domini
500 636 629 674 nostri
665 635 814 674 domini
847 634 1053 673 Johannis
1086 635 1271 686 episcopi
1305 635 1488 675 ecclesie
1529 638 1672 674 nostre
1714 638 1755 674 et
1786 635 1918 674 nostri
1958 633 2035 674 fuit
2066 638 2108 674 et

244 708 308 744 est
340 704 549 742 inuentum
585 707 798 742 ostensum
841 706 881 742 et
913 703 1127 753 probatum
1170 706 1211 742 et
1251 714 1327 753 per
1368 703 1560 742 seniores
1602 703 1907 742 concanonicos
1939 706 2106 742 nostros

243 776 283 811 et
317 770 552 811 confratres
586 783 661 822 per
694 771 962 809 iuramentum
995 769 1237 809 affirmatum
1271 771 1367 822 quia
1392 771 1611 810 scolastria
1645 771 1827 810 ecclesie
1860 774 2004 810 nostre
2027 782 2106 809 an-

241 839 396 880 tedicte
428 852 510 878 non
545 844 609 878 est
643 844 893 890 personatus
926 850 1065 890 neque
1099 838 1285 892 dignitas
1326 840 1366 877 in
1409 838 1553 879 eadem
1587 840 1771 879 ecclesia
1812 838 1888 878 sed
1931 839 2107 889 simplex

244 909 403 948 omnino
437 906 625 949 officium.
667 907 779 946 vnde
813 919 867 947 ex
901 918 950 946 eo
985 915 1140 946 certum
1174 910 1322 945 statum
1357 919 1438 946 non
1470 907 1597 946 habet
1630 909 1670 946 in
1704 907 1829 946 choro
1862 918 1943 947 nec
1974 907 2107 946 locum

242 978 283 1015 in
318 976 496 1027 capitulo
530 977 638 1015 inter
670 976 855 1027 prelatos
880 987 959 1015 nec
993 976 1106 1014 iuxta
1138 975 1252 1026 ipsos
1276 987 1350 1026 pro
1373 975 1603 1014 huiusmodi
1635 973 1782 1014 officio.
1815 986 1894 1015 nec
1917 986 2107 1027 vmquam

243 1046 392 1096 aliquis
425 1045 673 1083 scolasticus
707 1044 850 1083 habuit
884 1045 1052 1083 racione
1086 1044 1307 1082 scolastrie
1339 1043 1424 1082 vllo
1457 1046 1664 1095 tempore„
1705 1055 1730 1081 a
1764 1055 1843 1094 quo
1876 1055 1959 1083 non
1992 1046 2108 1083 extat

242 1114 457 1152 memoria.
501 1116 542 1152 et
575 1113 630 1151 ita
665 1110 740 1151 suit
774 1116 815 1151 et
849 1115 914 1151 est
946 1112 998 1151 ab
1033 1111 1189 1151 eisdem
1222 1112 1417 1151 retractis
1459 1111 1712 1162 temporibus
1745 1111 1905 1162 absque
1938 1114 2107 1150 contra-

244 1181 430 1221 dIccione
464 1181 649 1232 qualibet
690 1185 731 1219 et
766 1180 988 1219 cuiuslibet
1019 1181 1061 1218 in
1095 1179 1239 1219 eadem
1274 1180 1457 1220 ecclesia
1498 1191 1524 1218 a
1557 1179 1768 1218 canonicis
1802 1182 1844 1218 et
1875 1179 2108 1218 scolasticis

244 1251 313 1302 qui
345 1262 419 1301 pro
453 1253 637 1300 tempore
671 1247 841 1301 suerint7
876 1260 926 1287 ac
959 1261 982 1287 a
1015 1249 1135 1288 nobis
1160 1251 1313 1288 tentum
1348 1254 1389 1287 et
1413 1251 1638 1300 seruatum,
1670 1247 1737 1286 Ne
1764 1250 1899 1287 autem
1932 1257 2108 1286 succes-

243 1319 408 1358 soribus
440 1318 593 1357 nostris
627 1322 771 1368 posset
809 1318 850 1355 in
884 1316 1047 1355 dubium
1081 1317 1243 1369 venire7
1289 1320 1425 1356 vtrum
1466 1316 1685 1355 scolastria
1717 1315 1927 1355 antedicta
1958 1316 2001 1354 in
2033 1326 2108 1355 ec-

244 1388 373 1426 clesia
406 1391 549 1425 nostra
582 1389 834 1436 personatus
876 1385 945 1423 vel
980 1384 1168 1438 dignitas
1202 1386 1381 1424 exsistat
1421 1385 1607 1436 presenti
1640 1385 1794 1436 scripto
1828 1382 2005 1424 fatemur
2037 1394 2110 1422 re-

244 1456 538 1509 cognoscimus
592 1459 633 1493 et
683 1457 905 1506 testamur7
957 1454 1052 1505 quia
1103 1453 1279 1504 simplex
1325 1456 1391 1492 est
1436 1451 1610 1492 officium
1655 1453 1696 1491 in
1738 1452 1921 1491 ecclesia
1966 1454 2109 1491 nostra

245 1524 463 1563 scolastria
497 1529 537 1562 et
571 1523 632 1561 sic
667 1522 867 1573 deinceps
900 1521 1089 1560 volumus
1118 1525 1239 1572 prout
1272 1521 1503 1560 inuenimus
1536 1521 1782 1570 obseruare7
1815 1519 1963 1558 Actum
1997 1519 2108 1569 [sic]

244 1597 339 1632 sunt
372 1592 449 1631 hec
483 1593 523 1631 in
557 1594 701 1631 nostra
735 1590 918 1629 ecclesia
953 1589 1217 1629 olomucensi
1250 1592 1296 1628 vt
1328 1588 1555 1639 predictum
1589 1591 1654 1627 est
1687 1588 1727 1626 in
1759 1587 1956 1641 generali
1988 1587 2108 1638 capi-

244 1662 328 1700 tulo
361 1661 484 1699 Anno
519 1659 667 1698 domini
707 1659 919 1698 millesimo
960 1658 1252 1697 trecentesimo
1286 1662 1421 1708 sexto,
1462 1657 1552 1707 ipso
1592 1655 1658 1695 die
1691 1654 1883 1695 kalendis
1916 1653 2110 1694 Octobris

244 1730 292 1768 In
334 1729 450 1767 cuius
492 1728 553 1767 rei
591 1728 864 1767 testimonium
911 1730 1132 1777 presentes
1173 1726 1334 1765 litteras
1377 1723 1463 1764 fieri
1507 1728 1547 1763 et
1589 1724 1732 1778 sigillo
1771 1723 1938 1774 capituli
1976 1723 2108 1761 nostri

245 1797 296 1836 ad
331 1803 531 1848 perpetue
574 1796 684 1845 [sic]
729 1796 789 1833 rei
831 1795 1061 1834 memoriam
1104 1794 1297 1833 iussimus
1338 1793 1588 1832 communiri.
1651 1792 1802 1832 Datum
1838 1791 1880 1830 in
1913 1789 2109 1831 Olomucz

248 1866 338 1905 loco
372 1877 478 1904 anno
513 1868 553 1904 et
587 1864 654 1903 die
689 1863 900 1915 predictis.

555 1963 609 1994 Ex
633 1963 785 2004 originali
812 1964 842 1993 in
867 1962 1004 1993 archivo
1030 1961 1165 2002 capituli
1191 1960 1341 1992 olomuc.
1389 1960 1471 1992 Cod.
1496 1960 1538 1991 ΙΙ.
1563 1959 1636 1991 Fol.
1661 1958 1722 1990 28.

1067 2106 1289 2148 CXCVII.

247 2223 460 2272 Albin-lus,
497 2224 789 2262 Romanorum
824 2232 920 2267 rem,
954 2220 1174 2272 confirmat
1208 2219 1478 2257 donationem
1512 2217 1706 2255 comitiae
1739 2219 1779 2254 el
1812 2215 1943 2254 castri
1965 2213 2112 2254 Rucles

246 2293 451 2331 Heinrico
494 2291 545 2329 de
588 2288 854 2338 Rosenbetyl,
897 2290 1064 2341 factam
1105 2300 1129 2326 a
1164 2286 1374 2338 anaolfo,
1421 2285 1530 2324 duce
1567 2285 1787 2334 Aua-triae,
1825 2283 2107 2335 primoyem‘to

378 2371 468 2398 suo.
533 2359 609 2397 DI.
644 2359 688 2397 in
722 2358 872 2396 castris
902 2368 1035 2408 prope
1068 2356 1258 2405 Lunam,
1301 2354 1422 2393 l'lll.
1456 2353 1554 2392 idus
1587 2353 1793 2403 Octobris,
1828 2351 1972 2391 1306.

402 2466 504 2518 Nos
538 2478 739 2517 Albertus
773 2476 839 2515 dei
872 2476 1023 2530 gracia
1046 2475 1320 2514 Romanorum
1354 2484 1431 2512 rex
1464 2484 1628 2523 semper
1652 2472 1888 2526 Augustus.
1922 2468 1975 2508 ad
2008 2469 2104 2507 vni-

248 2556 461 2585 uersorum
495 2547 605 2585 sacri
639 2546 812 2585 Romani
855 2545 1012 2596 imperii
1055 2542 1229 2583 fidelium
1263 2542 1452 2581 noticiam
1486 2541 1674 2581 volumus
1706 2539 1952 2591 peruenire⁷
1996 2536 2106 2589 quod
