2217 2829
1094 142 1161 203 48

1046 320 1204 359 XLVI.

204 431 502 481 Theodericus,
536 433 758 483 episcopus
781 431 1089 480 olomucensis,
1120 444 1198 482 pro
1231 431 1469 470 elemosinis
1501 431 1558 470 ad
1579 434 1934 472 restaurationem
1962 445 2054 473 mo-

200 501 376 539 nasterii
408 499 617 551 Ruyhrad
653 499 765 538 datis
805 499 1096 549 indulgentias
1136 499 1353 549 elaryz‘tur.
1419 500 1518 538 Dto.
1561 500 1681 552 opud
1711 500 1879 540 Jlodric
1916 501 2056 553 pridie

889 567 994 606 Idus
1026 567 1187 606 Martii.
1228 567 1366 606 1296.

353 674 442 724 Th.
477 685 543 724 dei
576 687 718 739 gratia
742 687 962 737 episcopus
988 685 1274 726 Olomucensis
1299 687 1495 739 ecclesie,
1528 687 1737 726 vniuersis
1767 685 1925 726 Christi
1951 685 2056 727 fide-

202 754 331 805 libus,
378 753 430 793 ad
463 766 568 805 quos
600 758 821 805 presentes
856 755 992 794 littere
1024 755 1313 807 peruenerint,
1359 755 1534 794 salutem
1571 756 1611 793 in
1644 754 1803 794 domino
1836 756 2056 806 sempiter-

201 834 305 861 nam.
369 821 500 870 Quum
533 823 658 861 nichil
693 822 912 861 viriditatis
946 823 1072 862 habet
1105 835 1241 862 ramus
1273 823 1369 862 boni
1403 824 1555 874 operis,
1589 823 1668 861 nisi
1702 824 1741 861 in
1766 822 1907 862 radice
1939 835 2057 862 man-

201 892 304 929 serit
337 891 536 941 caritatis,
569 902 712 930 omnes
745 895 894 942 autem,
927 895 973 929 vt
1005 892 1061 930 ait
1093 891 1319 943 apostolus,
1352 891 1550 930 stabimus
1572 894 1670 930 ante
1698 891 1877 930 tribunal
1902 889 2060 931 Christi

201 960 424 1010 recepturi,
458 963 577 1010 prout
610 960 650 997 in
679 970 854 1010 corpore
877 960 1091 1013 gessimus
1124 961 1215 999 siue
1239 960 1388 998 bonum
1421 958 1558 1012 fuerit,
1591 960 1682 998 siue
1704 960 1864 1011 malum,
1897 963 2060 1011 oportet

201 1039 277 1067 nos
311 1027 416 1067 diem
449 1028 667 1066 messionis
709 1032 895 1067 extreme
935 1027 1219 1068 misericordie
1260 1029 1454 1079 operibus
1488 1029 1731 1080 preuenire,
1770 1031 1811 1067 et
1848 1039 1899 1067 ea
1931 1029 2060 1068 semi-

202 1108 304 1136 nare
337 1097 378 1135 in
411 1097 550 1147 terris,
585 1107 665 1147 que
700 1095 951 1147 postmodum
984 1108 1073 1135 011111
1106 1096 1370 1147 multiplicato
1403 1095 1539 1135 fructu
1569 1096 1823 1150 recolligere
1848 1097 2060 1136 valeamus

202 1166 241 1203 in
284 1165 400 1204 celis.
474 1162 700 1204 Gai-itatem
742 1164 973 1203 deuotionis
1018 1168 1163 1203 vestre
1204 1164 1430 1216 hortamur,
1486 1169 1526 1203 et
1567 1175 1777 1203 monemus
1818 1165 1858 1202 111
1901 1163 2060 1204 domino

204 1231 459 1287 flagitantes,
502 1236 707 1284 quatenus
741 1244 830 1271 cum
864 1232 1045 1272 ecclesia
1078 1236 1119 1272 et
1151 1233 1440 1272 monasterium
1478 1232 1633 1271 ordinis
1666 1233 1799 1271 sancti
1832 1232 2062 1285 Benedicti,

203 1302 243 1340 in
275 1301 432 1341 honore
465 1301 679 1340 beatorum
712 1301 826 1339 Petri
861 1305 902 1339 et
924 1301 1044 1340 Pauli
1077 1301 1355 1352 apostolorum
1384 1299 1555 1339 fundata
1587 1301 1628 1339 in
1661 1300 1890 1354 Raygrad:
1924 1304 1965 1340 et
1986 1312 2063 1352 per

205 1370 377 1409 hostiles
411 1370 617 1420 incursus,
660 1370 827 1420 rapinas
861 1373 902 1408 et
934 1369 1126 1409 incendia
1159 1370 1323 1420 penitus
1357 1373 1398 1408 et
1430 1367 1613 1408 funditus
1651 1369 1753 1420 proh
1787 1368 1902 1408 dolor
1934 1368 2061 1408 deso-

204 1439 301 1490 lata,
336 1438 387 1478 de
421 1438 616 1491 propriis,
663 1449 743 1489 que
776 1439 838 1477 eis
871 1451 952 1478 non
986 1443 1211 1489 suppetunt
1243 1436 1531 1487 facultatibus,
1574 1438 1735 1489 absque
1768 1435 1925 1477 Christi
1958 1435 2062 1477 fide-

205 1508 299 1546 lium
333 1511 541 1559 nequeant
575 1507 803 1545 restaurari
837 1508 1042 1546 iuuamine
1075 1510 1117 1546 et
1150 1504 1362 1545 beneficiis
1396 1504 1634 1558 reformari,
1681 1505 1733 1544 de
1775 1506 1894 1545 bonis
1927 1517 1951 1544 a
1985 1505 2062 1545 deo

206 1576 324 1614 vobis
357 1576 519 1615 collatis
552 1576 604 1615 ad
639 1577 980 1615 restaurationem
1019 1575 1222 1627 ecclesie,
1267 1586 1316 1613 ac
1348 1575 1585 1613 monasterii
1629 1573 1925 1625 predictorum,
1973 1574 2063 1624 pias

203 1644 473 1697 elemosinas,
521 1648 562 1684 et
599 1649 726 1699 grata
760 1643 987 1697 dignemini
1030 1644 1213 1683 caritatis
1255 1642 1441 1681 subsidia
1476 1643 1703 1682 liberaliter
1736 1653 1943 1695 erogare,
1990 1653 2062 1682 re-

204 1714 363 1764 cepturi
395 1725 468 1764 pro
503 1713 645 1764 simplo
680 1712 870 1765 duplicia,
906 1725 977 1763 pro
1011 1711 1272 1751 mutabilibus
1306 1711 1484 1763 stabilia,
1518 1715 1559 1750 et
1582 1723 1655 1762 pro
1680 1711 1927 1750 transitoriis
1951 1721 2063 1749 sem-

210 1782 383 1833 piterna.
448 1781 582 1821 Vobis
616 1792 781 1832 qnoque
814 1780 1116 1820 archidiaconis
1163 1784 1204 1819 et
1246 1779 1417 1819 decanis
1459 1791 1508 1818 ac
1543 1780 1751 1818 vniuersis
1793 1779 2064 1818 ecclesiarum

207 1850 439 1889 rectoribus
474 1862 548 1901 per
581 1854 760 1889 nostram
796 1849 1007 1899 dyocesim
1041 1849 1274 1888 constitutis
1308 1849 1347 1886 in
1381 1852 1527 1886 sancte
1562 1849 1713 1886 virtute
1746 1847 1982 1887 obedientie
2015 1858 2065 1886 ac

208 1919 451 1958 remissione
486 1922 716 1957 vestrorum
751 1918 1035 1957 nichilominus
1070 1917 1324 1970 iniungimus
1358 1915 1611 1968 delictorum,
1647 1919 1690 1954 vt
1715 1915 1887 1966 predicti
1911 1913 2064 1954 fratres

211 1988 447 2026 monasterii
480 1988 520 2025 in
553 1987 734 2026 ecclesie
759 1988 944 2038 nuncios,
979 1998 1069 2025 cum
1093 1985 1242 2024 advos
1275 1996 1349 2036 pro
1375 1984 1564 2035 petendis
1598 1982 1773 2023 fidelium
1806 1983 2065 2022 accesserint

208 2055 443 2094 elemosinis
477 2055 663 2109 benigne
697 2056 927 2107 suscipere,
962 2056 1028 2106 pie
1062 2059 1255 2105 tractare,
1291 2057 1330 2092 et
1360 2051 1587 2092 esticaciter
1620 2063 1862 2103 promouere
1896 2052 2064 2091 curetis.

208 2123 431 2177 Negotium
465 2124 644 2175 ipsorum
678 2123 728 2162 ad
764 2124 964 2174 popolum,
998 2124 1033 2162 si
1067 2135 1169 2174 opus
1202 2122 1434 2171 habuerint,
1478 2121 1750 2172 personaliter
1784 2119 2064 2171 promouendi.

209 2191 296 2231 Nos
330 2193 435 2230 enim
471 2196 511 2230 vt
556 2193 594 2230 in
629 2204 766 2231 eorum
811 2193 1123 2243 promotionem,
1167 2197 1206 2230 et
1241 2191 1421 2229 ecclesie
1464 2202 1514 2228 ac
1556 2189 1790 2228 monasterii
1835 2181 2066 2239 supradicti

212 2261 374 2300 deuotio
422 2259 595 2299 fidelium
639 2259 869 2300 seruentius
915 2259 1169 2299 accendatur
1216 2258 1267 2298 de
1318 2259 1604 2309 omnipotentis
1659 2257 1723 2295 dei
1771 2256 2065 2308 misericordia,

212 2334 251 2368 et
294 2329 503 2368 beatorum
549 2329 659 2368 Petri
705 2334 745 2367 et
789 2329 904 2367 l'auli
947 2328 1221 2379 apostolorum
1266 2324 1405 2365 contisi
1446 2326 1695 2376 patrocinio,
1742 2326 1928 2363 omnibus
1962 2336 2065 2364 vere

212 2398 488 2447 penitentibus
523 2402 560 2436 et
596 2396 814 2436 confessis.
849 2398 915 2448 qui
951 2396 999 2434 ad
1033 2396 1371 2435 restaurationem
1407 2400 1445 2433 et
1473 2392 1800 2432 reformationem
1827 2394 2062 2432 monasterii

213 2471 251 2503 et
287 2466 467 2504 ecclesie
505 2466 754 2516 supradicte.
802 2478 958 2503 manum
993 2465 1213 2515 porrigere
1256 2464 1493 2502 curaiwrint
1532 2462 1792 2501 adiutricem.
1843 2462 1934 2500 XL.
1975 2461 2064 2499 dies

214 2534 475 2571 criminalium
520 2540 559 2572 et
602 2541 760 2572 centnm
806 2534 1022 2572 venialium
1059 2532 1317 2571 delictorum.
1367 2531 1416 2570 111·
1452 2532 1629 2569 iniuncta
1672 2532 1732 2569 eis
1766 2530 1989 2581 penitentia
2026 2530 2064 2567 in
