2258 2844
1085 189 1146 229 10

182 328 276 366 tiam
319 331 452 365 status
495 331 534 364 et
568 326 744 379 generis
787 336 926 364 earum
968 323 1192 364 honorifice
1233 326 1439 364 maritare.
1502 324 1699 365 Profecto
1733 327 1784 366 de
1816 327 1917 365 villa
1949 339 2041 367 mea

182 393 341 434 forensi
376 393 485 432 dieta
519 393 739 444 'fest-bna7
777 393 872 431 item
905 392 957 431 de
990 392 1181 445 Pirebet7
1216 392 1267 431 de
1299 393 1492 445 Drunez7
1525 392 1702 432 Raduna
1734 394 1899 448 Magna
1932 395 2040 434 Hei-

183 462 301 515 ligen
334 460 699 514 Rudegersehiog
731 460 914 499 Klenow
947 472 1035 498 cum
1068 464 1153 498 tota
1186 461 1294 499 silva
1327 461 1435 499 inter
1468 472 1565 513 eas7
1607 461 1799 514 Prunne7
1840 463 2041 501 Koehans

183 534 223 568 et
255 528 521 579 Horosehitz7
556 540 663 579 quae
697 528 860 578 inquam
894 527 1200 578 possessiones*
1221 533 1261 567 et
1294 528 1421 568 villae
1454 533 1547 567 sunt
1580 529 1704 567 nobili
1738 529 1791 567 D.
1824 529 2041 569 Mechtildi

181 597 301 635 uxori
343 607 459 634 meae
502 608 574 646 pro
623 595 806 634 dotalitio
854 596 946 635 sive
988 608 1060 646 pro
1104 596 1269 636 datione
1311 600 1480 647 propter
1512 598 1676 648 nuptias
1717 597 1935 651 obligatae
1967 610 2040 649 pro

183 669 298 703 certa
332 664 534 714 pecuniae
568 664 814 714 quantitate.
858 664 996 703 taliter
1028 664 1194 709 ordinm
1228 665 1323 703 volo
1358 669 1398 703 et
1432 668 1587 717 statuo7
1620 669 1663 703 ut
1697 666 1731 703 si
1765 670 1857 716 post
1890 666 2040 704 obitum

180 744 309 771 meum
352 731 486 770 dictus
530 731 714 770 dominus
757 743 870 770 meus
913 742 989 770 rex
1026 732 1185 771 habere
1222 744 1295 783 pro
1329 734 1427 783 [se]
1460 733 1639 772 voluerit
1671 733 1965 783 possessiones
1999 738 2041 773 et

180 800 304 837 villas
339 800 471 851 ipsasf,
519 799 630 838 dabit
664 799 795 838 eidem
830 799 1017 839 dominae
1050 804 1147 839 tune
1180 800 1353 839 relictae
1386 812 1502 840 meae
1536 801 1643 840 mille
1677 812 1835 839 mareas
1869 802 2040 855 argenti

180 867 269 918 puri
303 866 541 920 Pragensis
584 867 800 919 ponderisf
849 879 1060 918 expensas
1094 869 1214 906 etiam
1253 873 1293 907 et
1326 880 1515 907 securum
1549 868 1791 907 conductum
1835 869 1871 907 ei
1904 881 2039 920 usque

181 935 219 972 in
246 935 399 973 domum
421 936 550 985 patris
584 939 651 973 aut
686 936 819 985 patrui
853 936 930 981 sui„
964 936 999 973 si
1024 934 1074 973 ad
1102 947 1175 974 eos
1205 935 1343 975 redire
1364 937 1541 975 voluerit
1567 936 1775 975 tenebitur
1798 948 2037 986 procurare.

178 1002 233 1041 Et
267 1003 301 1041 si
336 1004 519 1041 maritum
555 1003 736 1042 duxerit.
785 1002 890 1041 datis
924 1003 1003 1041 sibi
1046 1007 1087 1043 et
1119 1004 1302 1055 acceptis
1336 1016 1359 1042 a
1395 1004 1553 1043 domino
1587 1016 1675 1043 meo
1709 1003 1896 1054 praefato
1930 1015 2040 1058 rege

180 1071 246 1109 vel
282 1071 506 1110 heredibus
541 1072 627 1109 suis
670 1071 893 1121 praedietis
940 1071 1048 1110 mille
1088 1072 1236 1110 mareis
1278 1077 1499 1111 memorata
1537 1072 1643 1110 bona
1687 1084 1758 1122 pro
1801 1072 2038 1123 supradicto

180 1138 362 1177 dotalitio
410 1139 597 1192 obligata
645 1139 696 1177 ad
745 1139 944 1178 dominum
983 1150 1130 1192 regem
1176 1151 1305 1179 meum
1340 1139 1590 1191 praedictum
1630 1144 1669 1179 et
1715 1139 1897 1179 heredes
1940 1152 2039 1179 suos

180 1212 297 1244 erunt
332 1208 467 1245 statim
501 1207 631 1246 libere
666 1207 874 1246 devoluta.
938 1207 984 1245 Si
1031 1219 1134 1246 vero
1182 1208 1221 1245 in
1262 1212 1373 1247 terra
1408 1208 1604 1247 Boemiae
1651 1207 1759 1246 dieta
1794 1207 1955 1246 domina
1998 1209 2038 1247 in

181 1273 380 1314 viduitate
412 1287 579 1314 manere
614 1276 805 1327 voluerit7
840 1276 1132 1325 possessiones
1158 1280 1198 1314 et
1226 1276 1348 1314 villas
1377 1276 1455 1314 sibi
1486 1276 1622 1314 taliter
1643 1276 1855 1329 obligatas
1882 1276 2040 1316 tenebit

180 1354 250 1391 pro
285 1348 466 1393 tempore
502 1344 612 1382 vitae
646 1355 760 1381 suae.
805 1355 883 1393 qua
918 1348 1097 1386 mortua,
1140 1344 1432 1394 possessiones
1475 1349 1515 1382 et
1553 1344 1679 1382 villae
1712 1343 1952 1394 praedit-tae
1985 1344 2037 1383 ad

180 1409 328 1448 dietum
364 1410 563 1449 dominum
597 1423 724 1449 meum
759 1422 905 1464 regem
945 1416 985 1450 et
1019 1411 1198 1451 heredes
1237 1424 1336 1450 suos
1370 1412 1501 1451 libere
1536 1416 1814 1451 revertentur.
1879 1411 2036 1460 Quodsi

178 1476 285 1517 sorte
329 1478 578 1529 praedictam
612 1479 868 1518 Met-litiidim
914 1479 1009 1517 mihi
1051 1480 1277 1533 eontigerit
1324 1480 1525 1530 praemori
1569 1484 1609 1517 et
1651 1479 1770 1518 aliam
1813 1480 2038 1533 legitimam

178 1557 350 1584 uxorem
385 1546 556 1585 duxero.
593 1547 729 1585 iicebit
764 1547 856 1585 mibi
892 1547 1022 1587 eidem
1055 1549 1174 1586 uxori
1208 1559 1325 1587 meae
1359 1559 1475 1599 quam
1507 1547 1665 1586 duxero
1692 1547 1901 1597 praedicta
1928 1548 2038 1587 bona

178 1613 347 1652 dotalitii
396 1615 623 1667 assignare
678 1628 750 1665 pro
798 1615 981 1654 dotalitio
1028 1617 1104 1654 sub
1153 1617 1283 1667 pat-tis
1335 1620 1373 1654 et
1421 1615 1722 1654 conditionibus
1774 1615 2037 1669 supradictis.)

177 1683 394 1731 expressis
433 1683 471 1720 in
511 1682 692 1721 dotalitio
733 1688 965 1723 memorato.
1035 1684 1206 1734 Exeipio
1246 1685 1415 1734 insuper
1456 1696 1480 1722 a
1514 1683 1734 1722 donatione
1777 1684 1865 1733 ipsa
1899 1684 2037 1722 viliam

175 1749 381 1788 Ztodolok
416 1762 503 1788 eum
539 1752 629 1801 ejus
663 1752 889 1790 attinentiis
924 1753 1149 1797 universis„
1185 1764 1303 1803 quam
1332 1752 1381 1790 Ι).
1404 1752 1568 1790 Mariae
1588 1752 1703 1790 matri
1733 1762 1849 1790 meae
1871 1751 2037 1803 donavi7

178 1824 218 1856 ut
261 1830 349 1856 eam
392 1824 482 1869 post
522 1824 687 1857 mortem
729 1831 855 1858 meam
903 1821 1022 1859 etiam
1066 1824 1206 1859 teneat
1250 1825 1289 1858 et
1334 1819 1543 1870 possideat
1585 1823 1785 1870 tamquam
1823 1831 1956 1871 suam7
2003 1820 2036 1858 si

176 1886 336 1936 absque
371 1886 526 1926 herede
560 1888 728 1926 maseuli
764 1900 892 1926 sexus
927 1888 1174 1928 decessero.
1209 1889 1371 1939 sibique
1407 1888 1528 1926 liceat
1562 1888 1689 1938 ipsam
1722 1887 1860 1926 vitiam
1890 1891 1969 1926 tam
1998 1888 2038 1926 in

178 1954 260 1992 vita
297 1966 413 2005 quam
449 1955 486 1993 in
522 1962 650 1995 morte
685 1956 806 1995 dare.
852 1957 1062 1995 vendere.
1110 1969 1185 1995 seu
1220 1957 1372 2009 legare
1406 1968 1477 2006 pro
1517 1968 1620 1994 suae
1653 1956 1766 1994 libito
1802 1956 2037 1994 voluntatis.

176 2022 371 2061 Reservo
406 2029 623 2073 praeterea
664 2024 756 2062 mibi
802 2025 923 2062 vitias
957 2037 1034 2063 seu
1069 2026 1172 2064 bona
1215 2023 1504 2074 infrascripta:
1562 2024 1755 2063 videlieet
1798 2024 1836 2061 in
1871 2023 2037 2062 Boemia

177 2091 214 2128 in
251 2090 436 2129 districtu
471 2092 734 2131 u'ltaviensi
761 2093 896 2131 viliam
933 2092 1142 2132 sorensem
1176 2092 1479 2132 Seedeitseben
1515 2105 1602 2131 eum
1637 2092 1747 2130 viliis
1781 2097 1821 2129 et
1854 2091 2039 2129 omnibus

177 2159 402 2197 attinentiis
437 2161 550 2198 suis:
598 2161 635 2199 in
670 2160 922 2210 Znoymensi
972 2161 1159 2201 districtu
1194 2162 1367 2200 Banoue
1400 2165 1578 2199 eastrum
1612 2172 1698 2199 eum
1735 2159 1843 2197 vinis
1878 2163 1917 2196 et
1951 2170 2037 2197 om-

177 2226 296 2264 nibus
330 2228 557 2266 attinentiis
604 2230 712 2280 suis3
760 2231 798 2267 in
837 2229 1098 2279 Znoymensi
1144 2230 1328 2268 districtu
1367 2229 1516 2268 Wans·
1554 2233 1593 2267 et
1628 2227 1912 2266 Wiiimowiez
1950 2239 2039 2266 eum

176 2295 403 2332 attinentiis
451 2297 681 2337 universis:
747 2310 822 2336 nee
879 2310 956 2336 non
1022 2300 1059 2337 in
1112 2298 1360 2337 Vetoviensi
1413 2297 1598 2335 districtu
1652 2295 1898 2333 l’az‹·0wi‹·z
1949 2307 2038 2334 eum

177 2363 361 2400 omnibus
395 2363 481 2400 suis
515 2365 741 2402 attinentiis
782 2372 821 2404 et
857 2366 992 2404 viliam
1043 2365 1249 2405 sorensem
1284 2366 1465 2404 ztebinx
1507 2376 1593 2402 cum
1630 2363 1741 2402 viliis
1780 2369 1818 2401 et
1853 2363 2040 2402 omnibus

176 2431 404 2469 attinentiis
443 2432 530 2469 suis
573 2439 611 2470 et
658 2433 791 2471 viliam
829 2435 1035 2473 Rzerziez
1087 2435 1125 2472 in
1162 2433 1303 2472 eodem
1340 2433 1540 2471 districtu.
1618 2432 1659 2469 {n
1695 2431 1843 2482 quibus
1878 2431 2038 2482 quidem

180 2498 310 2535 vinis.
352 2499 502 2537 eastris
545 2506 584 2537 et
630 2501 745 2539 bonis
789 2502 1008 2551 praedietis
1051 2502 1141 2540 mibi
1197 2502 1334 2539 taliter
1379 2501 1606 2539 reservatis
1655 2500 1813 2550 plenum
1852 2501 1920 2550 jus
1962 2499 2039 2538 do-

179 2566 282 2603 minii
327 2572 365 2604 et
411 2567 670 2616 proprietatis
709 2568 859 2608 habeo.
907 2569 1011 2620 quod
1062 2571 1175 2619 prins
1224 2569 1342 2607 habui
1389 2570 1426 2607 in
1462 2568 1637 2615 eisdem‚
1681 2574 1721 2606 nt
1756 2580 1805 2607 ea
1839 2567 2039 2619 vendero,
