2258 2844
1114 182 1152 215 lv

206 335 313 364 anno
366 320 737 372 1294-*13067
783 322 823 358 in
869 318 1099 368 adpendice
1143 318 1342 369 peculiari
1388 323 1429 358 et
1474 330 1615 359 omnes
1660 321 1822 360 tabulas
1868 322 2054 372 publicas

207 422 354 472 prioris
386 418 542 470 periodi
578 417 709 457 medio
744 421 926 466 tempore
959 415 1027 455 vel
1060 417 1253 470 integras
1287 417 1353 455 vel
1387 418 1428 454 in
1462 416 1647 467 partibus
1686 418 1874 468 abruptis
1906 430 2056 470 reper-

206 523 292 569 tas,
334 523 373 556 et
416 516 562 555 indicia
606 528 658 554 ex
702 515 793 553 aliis
826 513 1022 565 operibus
1054 513 1262 552 historicis
1304 514 1355 552 ad
1389 513 1609 554 Moraviae
1650 514 1859 554 historiam
1899 528 2055 567 provo—

206 618 342 656 cantia
374 626 561 666 promere
594 614 821 664 placuerat.
885 612 979 651 Fuit
1013 614 1183 663 insuper
1216 623 1266 650 ea
1290 623 1455 663 quoque
1478 613 1660 651 auctoris
1684 613 1803 664 ratio,
1835 617 1879 651 ut
1910 613 2057 654 huicce

206 715 342 753 ultimo
376 712 530 752 codicis
563 713 625 749 sui
660 710 905 761 diplomatici
940 714 1044 749 tomo
1083 709 1135 752 ad
1167 708 1476 749 commodiorem
1510 710 1633 748 totius
1670 711 1809 760 operis
1841 721 1957 749 usum
1989 712 2056 749 in-

206 811 336 851 dicem
377 811 549 849 omnium
593 810 632 847 in
675 808 742 846 illo
784 812 862 846 tam
901 808 1100 846 hominum
1144 818 1263 857 quam
1306 806 1484 845 locorum
1522 808 1822 846 occurrentium
1857 808 2057 847 nominum

200 908 470 959 adnecteret7
514 907 931 956 commentariumque
971 904 1022 942 ad
1064 916 1206 943 omnes
1239 905 1420 954 quinque
1458 907 1586 943 tomos
1620 905 1815 954 peculiari
1850 904 2057 946 volumine
2113 932 2117 934 v

205 1010 489 1058 componerem
537 1004 612 1042 sed
653 1003 866 1042 consilium
909 1002 1038 1052 ipsius
1079 1013 1188 1040 mors
1231 1004 1511 1052 praematura,
1557 1013 1638 1051 qua
1680 1001 1821 1040 Idibus
1866 1002 2058 1041 Januarii

206 1105 300 1143 anni
342 1100 485 1142 ¹847.
520 1107 688 1153 praeter
721 1101 949 1151 opinionem
975 1100 1214 1150 absumptus
1247 1103 1326 1149 est7
1360 1099 1514 1137 irritum
1539 1098 1717 1138 reddidit
1748 1111 1798 1139 eo
1831 1101 1921 1151 ipso
1953 1104 2059 1139 tem-

206 1213 329 1254 pore„
376 1213 496 1252 quum
535 1200 583 1238 ad
629 1200 735 1238 hunc
778 1198 1004 1237 cultoribus
1047 1197 1245 1236 historiae
1287 1197 1446 1247 patriae
1487 1199 1700 1247 acceptum
1742 1208 1846 1236 sane
1878 1198 2059 1237 laborem

202 1303 284 1351 jam
317 1310 415 1339 sese
449 1300 713 1338 accincturus
748 1301 876 1335 esset.

362 1396 424 1436 Ne
458 1397 589 1450 igitur
621 1394 697 1434 hoc
731 1396 830 1433 tanti
865 1394 1051 1433 momenti
1084 1405 1187 1444 opus
1220 1394 1307 1431 suis
1340 1394 1521 1432 numeris
1554 1404 1634 1432 non
1667 1392 1898 1432 absolutum
1930 1392 2061 1432 relin-

206 1499 427 1547 queretur,
474 1505 583 1534 neve
625 1493 765 1544 majori
809 1492 982 1530 utilitate
1025 1503 1077 1529 ex
1122 1490 1257 1529 indice
1304 1491 1504 1541 promisso
1544 1501 1770 1529 accessura
1812 1491 2062 1544 privaretur,

207 1605 293 1648 ego
326 1593 482 1631 auctori
515 1594 555 1630 in
590 1592 804 1641 provincia
837 1602 912 1627 sua
947 1587 1162 1627 difficiliori
1191 1588 1381 1641 gerenda
1416 1589 1715 1639 posterioribus
1748 1588 1868 1627 annis
1900 1587 2063 1639 adjutor

207 1691 370 1732 additus
404 1695 445 1730 et
478 1694 569 1741 post
602 1691 693 1739 eJus
727 1692 893 1727 mortem
927 1685 1033 1726 filiae
1068 1687 1239 1725 relictae
1272 1690 1381 1725 tutor
1413 1687 1660 1725 constitutus
1694 1687 1733 1724 in
1765 1687 1938 1725 animum
1971 1690 2063 1725 sta-

208 1792 275 1828 tim
308 1789 463 1835 induxi‚
498 1787 652 1827 codicis
686 1788 747 1824 sui
782 1786 1041 1835 diplomatici„
1080 1786 1198 1835 cujus
1227 1786 1308 1835 jam
1343 1788 1518 1835 quatuor
1552 1785 1645 1823 tomi
1677 1785 1786 1835 typis
1818 1787 1915 1823 sunt
1946 1783 2059 1836 editi,

209 1887 419 1927 residuum
454 1890 599 1925 tomum
635 1886 673 1923 in
708 1885 837 1923 lucem
872 1885 1072 1923 emittere.

365 1985 521 2023 'somus
555 1984 620 2022 hir
654 1983 958 2031 manuscriptus
997 1984 1077 2032 jam
1112 1981 1272 2032 quidem
1315 1992 1422 2019 anno
1461 1978 1605 2019 1838.
1647 1991 1672 2017 a
1704 1979 1895 2018 librorum
1923 1978 2064 2029 judice

211 2084 463 2135 approbatus
496 2083 616 2121 novis
651 2085 785 2119 tamen
820 2081 1025 2118 literarum
1061 2079 1327 2118 monumentis
1356 2078 1514 2116 interim
1548 2078 1729 2116 inventis
1761 2075 2063 2130 redintegran-

213 2182 288 2221 dus
321 2182 689 2232 supplcmentaque
723 2179 771 2216 ad
809 2180 968 2228 priores
1002 2182 1130 2216 tomos
1163 2176 1411 2227 pertinentia
1450 2176 1592 2225 partim
1626 2187 1649 2215 e
1681 2174 1826 2213 relicto
1858 2177 1922 2213 ast
1955 2185 2062 2213 non-

214 2279 303 2318 dum
348 2281 385 2317 in
420 2278 600 2316 ordinem
646 2277 814 2315 redacto
846 2275 1048 2326 adparatu
1084 2274 1302 2325 historico7
1346 2274 1488 2324 partim
1530 2285 1554 2312 c
1597 2272 1722 2312 rebus
1754 2272 1832 2310 sub
1863 2271 2062 2322 auspiciis

214 2375 400 2417 statuum
435 2375 655 2414 Mon-aviae
690 2374 738 2413 ad
774 2374 981 2413 historiam
1016 2372 1148 2422 illius7
1190 2384 1214 2410 e
1248 2382 1504 2423 quocumque
1546 2370 1597 2409 ad
1640 2369 1678 2408 id
1716 2373 1874 2420 tempus
1906 2368 2060 2407 hauriri

217 2477 434 2524 potuerant
474 2472 587 2512 sonte
629 2474 835 2518 collectis„
878 2472 1046 2511 uberius
1088 2470 1325 2522 deprompta
1367 2481 1442 2508 suo
1484 2479 1675 2520 quaeque
1716 2467 1804 2507 loco
1846 2470 1966 2506 erant
1997 2464 2063 2504 di-

218 2570 423 2623 gerenda.
