2217 2829
986 133 1087 173 223

111 279 252 320 XXV.
309 277 559 317 caballarum
604 274 686 314 XL
737 273 879 313 vaccis
930 276 971 311 et
1016 271 1150 310 ovium
1202 281 1369 309 numero
1425 266 1513 308 CC.
1565 275 1605 307 et
1655 267 1747 306 xh.
1820 267 1968 306 Datum

113 359 220 387 anno
260 345 406 386 1205.

424 442 632 475 W'ekebrod.
666 440 849 472 Denkmale
874 439 933 471 der
958 438 1055 471 stadt
1080 438 1192 469 Briinn
1217 437 1286 468 Ms.
1312 438 1342 468 in
1367 436 1427 468 der
1451 434 1620 467 Olmiitzer
1642 435 1728 466 Bibl.
1767 453 1806 458 —
1838 435 1899 467 cfr.
1928 435 1971 466 li-

527 498 618 525 teras
643 491 781 525 Otakari
806 491 847 524 de
872 501 956 523 anno
981 488 1093 522 1211.

1021 659 1073 698 X.

273 771 578 834 VVladislaus7
624 780 804 820 marchio
850 779 1095 831 Moraviae7
1142 777 1303 818 confert
1347 778 1596 817 monasterio
1637 776 1972 817 XVelehradensi

117 851 328 904 praedium
371 852 410 889 in
442 849 656 889 Nalusche
697 861 786 888 eum
827 848 946 888 horto
989 852 1030 888 et
1071 848 1218 887 vineis.
1281 846 1433 886 Datum
1477 847 1515 885 in
1549 845 1791 886 Welehrad
1834 846 1873 884 in
1908 844 1974 884 die

118 920 446 960 consecrationis
480 918 702 958 ecclesiae.
751 916 897 956 1220.

429 1026 637 1066 XVekebrod,
662 1025 842 1056 Denkmale
864 1024 923 1055 der
943 1022 1041 1055 stadt
1062 1023 1173 1054 Briinn
1198 1023 1267 1054 315.
1292 1024 1323 1054 in
1349 1023 1407 1053 der
1437 1021 1605 1054 Olmiitzer
1627 1021 1782 1053 Biblioth.
1813 1022 1874 1053 cfr.
1896 1021 1975 1062 dipl.

532 1077 572 1108 de
598 1086 681 1108 anno
707 1074 819 1108 1228.

1010 1236 1085 1276 XI.

275 1346 319 1397 F
323 1358 525 1398 ridericus
568 1357 621 1397 11.
663 1369 740 1397 rex
786 1358 1064 1397 Romanorum
1106 1385 1115 1394 .
1142 1386 1186 1394 ..
1233 1356 1476 1410 passagium
1519 1357 1611 1395 sive
1656 1355 1891 1396 theloneum
1939 1358 1978 1395 in

118 1432 242 1479 ponte
275 1427 456 1466 civitatis
491 1438 593 1466 suae
626 1425 798 1465 XVerda
838 1437 912 1477 pro
946 1425 1139 1465 libertate
1172 1425 1344 1464 omnium
1387 1424 1483 1464 iude
1516 1425 1816 1464 transeuntium
1849 1425 1977 1464 abro-

117 1498 207 1550 gat.
254 1495 389 1534 Huius
422 1496 482 1534 rei
515 1498 648 1534 testes
681 1498 776 1533 sunt
809 1494 1011 1533 Albertus
1044 1493 1442 1547 Magdeburgensis
1476 1493 1828 1544 archiepiscopus.
1878 1494 1977 1547 Eg-

118 1564 313 1618 gibertus
346 1563 712 1617 Babinbergensis
746 1563 980 1614 episcopus.
1037 1561 1131 1602 Otto
1166 1562 1470 1612 herbipolensis
1505 1562 1738 1613 episcopus.
1794 1560 1977 1601 Sisi-idus

118 1632 410 1686 Augustensis
454 1632 688 1683 episcopus.
752 1629 869 1671 Cono
903 1630 1126 1670 Fuldensis
1170 1635 1210 1670 et
1251 1630 1515 1670 Elwacensis
1557 1630 1701 1669 abbas.
1767 1630 1980 1670 adoerius

121 1700 379 1739 Boemorum
416 1701 528 1739 Reae.
594 1699 834 1739 Loduuicus
876 1699 961 1738 dux
994 1700 1202 1738 Bauariae
1236 1697 1386 1738 Comes
1429 1699 1634 1750 palatinus
1668 1700 1788 1738 Reni.
1854 1700 1978 1738 Hen-

120 1769 236 1806 νέου-5·
277 1767 471 1806 ,Hm-chio
518 1768 755 1807 Mon-auiae.
830 1765 1051 1808 Conradus
1098 1768 1364 1822 Burgrauius
1412 1767 1462 1807 de
1508 1768 1752 1822 Nurnberg.
1828 1766 1980 1808 Comes

120 1836 374 1874 Artmannus
409 1835 460 1874 de
493 1835 795 1890 XVirtenberg.
860 1837 1086 1876 Heinricus
1129 1837 1180 1876 de
1212 1836 1362 1876 Niffen.
1432 1836 1687 1875 mun-hardus
1731 1835 1892 1888 dapifer
1927 1837 1979 1876 de

121 1903 356 1958 &Valpurgz
422 1902 643 1943 Conradus
678 1902 945 1944 Camerarius
988 1905 1039 1945 de
1072 1904 1257 1945 U⁷e1·‹la.
1322 1906 1490 1945 Vlrieus
1533 1904 1664 1945 frater
1706 1907 1794 1945 eius
1837 1906 1978 1945 etalii

123 1983 241 2023 quam
276 1973 416 2023 plures
576 1971 796 2012 Conradus
837 1974 1045 2014 Metensis
1087 1978 1128 2014 et
1168 1973 1383 2025 Spirensis
1426 1976 1646 2026 episcopus
1689 1972 1980 2014 Cancellarius

123 2040 214 2079 vice
248 2041 477 2094 maguntini
512 2041 828 2093 ArchIepiscopi
870 2043 1132 2096 recognouit.
1196 2043 1305 2082 Acta
1346 2048 1441 2082 sunt
1474 2044 1551 2083 hec
1585 2055 1691 2082 anno
1726 2073 1734 2081 .
1758 2073 1800 2081 ..
1843 2044 1977 2082 mille-

123 2109 223 2147 simo
265 2108 546 2148 ducentesimo
589 2111 797 2149 vicesimo.
861 2111 1014 2151 Mense
1055 2111 1168 2150 Julii.
1232 2112 1380 2152 Datum
1424 2113 1529 2163 apud
1574 2113 1825 2166 :higustanr
1873 2124 1980 2152 anno

125 2181 165 2215 et
198 2187 338 2216 mense
371 2178 626 2229 prescriptis.

435 2286 581 2317 Monuni.
609 2286 710 2317 mica
735 2286 808 2318 vol.
834 2287 965 2319 XXXI.
996 2298 1025 2329 p.
1048 2286 1133 2319 498.
