2217 2829
1031 143 1128 184 271

153 283 419 322 cumdacione
451 284 554 322 muri
596 283 774 322 ciuitatis
816 281 1014 334 predictis
1054 282 1213 321 ciuibus
1255 283 1500 323 tribuerunt.
1565 284 1769 324 Preterea
1810 288 2012 337 promitti-

150 364 238 390 mus
273 352 381 403 quod
414 353 542 403 ipsam
585 352 791 390 ciuitatem
832 363 916 389 vna
955 363 1044 389 cum
1078 350 1239 390 ciuibus
1281 351 1322 390 in
1364 363 1415 391 ea
1456 353 1716 392 manentibus
1749 354 1790 392 in
1823 356 2009 395 omnibus

150 421 309 459 iuribus
351 421 438 458 suis
481 420 714 474 priuilegiis
757 420 1004 470 conscriptis
1044 420 1231 459 uolumus
1276 431 1536 471 permanere.
1600 421 1702 461 Item
1743 423 1930 462 uolumus
1968 428 2012 463 ut

149 489 285 528 nullus
318 487 556 528 famulorum
599 492 830 528 nostrorum
872 492 1015 527 contra
1056 487 1168 527 uelle
1209 487 1487 539 predictorum
1525 490 1673 530 ciuium
1716 491 1757 529 in
1789 492 1867 530 iam
1902 492 2011 532 dicta

148 558 317 597 ciuitate
349 557 503 597 habeat
535 558 800 595 mansionem.
860 556 1049 607 Amplius
1081 556 1361 607 promittimus.
1403 558 1439 596 si
1471 557 1622 610 aliquis
1655 557 1895 599 famulorum
1929 573 2007 601 no-

148 630 325 665 strorum
357 624 506 664 furtum
539 626 606 664 uel
639 625 810 675 spolium
843 624 895 664 ad
927 622 1129 675 prefatam
1163 624 1368 663 ciuitatem
1393 623 1572 665 duxerit.
1606 630 1648 666 et
1671 639 1762 666 cum
1796 640 1845 668 eo
1881 641 2009 668 occu-

146 698 268 746 patus
309 692 445 733 suerit.
502 693 610 745 quod
651 693 721 732 1116
762 691 911 731 iudicio
953 691 1103 731 ibidem
1145 697 1382 745 compareat
1423 694 1650 734 secundum
1694 696 1785 735 iura
1825 697 2006 748 ipsorum

146 763 294 801 ciuium
327 773 619 812 responsurus.
682 761 826 800 Eciam
868 760 1010 799 damus
1051 773 1125 812 pro
1168 762 1270 800 iure.
1312 762 1348 800 si
1389 762 1540 814 aliquis
1581 761 1756 803 famulus
1790 768 1933 806 noster
1965 768 2006 805 in

145 831 314 869 ciuitate
347 831 489 880 sepius
521 832 739 880 prenotata
772 829 933 880 aliquos
967 840 1174 868 excessus
1207 827 1370 869 fecerit.
1411 831 1479 870 uel
1513 829 1656 872 facere
1687 836 2004 885 presumpserit„

145 897 254 949 quod
286 897 381 936 talis
414 898 451 936 si
483 895 742 936 fideiussoria
775 898 967 936 cautione
999 898 1181 936 caruerit
1214 897 1367 938 debeat
1408 898 1583 938 detineri
1625 904 1666 940 et
1698 901 1788 941 iure
1823 903 2005 953 ipsorum

144 967 291 1005 ciuium
324 966 509 1005 iudicari.
572 966 674 1005 Item
709 965 893 1005 dedimus
927 966 1163 1018 quicunque
1195 966 1398 1005 hominum
1431 967 1483 1006 ad
1512 968 1765 1019 sepedictam
1798 971 2003 1011 ciuitatem

142 1036 327 1087 uenerit7
361 1034 468 1086 quod
503 1035 572 1074 ille
605 1034 893 1085 potencialiter
925 1046 1007 1074 11011
1040 1033 1165 1074 debet
1197 1033 1290 1073 duci
1323 1039 1443 1074 extra
1476 1037 1623 1089 ipsam7
1656 1038 1731 1077 sed
1766 1040 2005 1091 quicunque

143 1107 288 1142 contra
328 1104 458 1153 ipsam
499 1103 708 1154 quitquam
750 1112 887 1156 agere
926 1102 1118 1142 habuerit
1162 1102 1219 1141 illi
1260 1104 1352 1154 ipse
1393 1105 1651 1156 respondere
1697 1106 1822 1146 debet
1868 1120 2004 1147 coram

141 1170 279 1210 iudice
312 1171 503 1209 ciuitatis.
567 1171 711 1209 Eciam
745 1170 886 1209 damus
921 1170 1028 1222 quod
1062 1172 1097 1210 si
1130 1171 1257 1223 aliqui
1289 1171 1474 1212 homines
1500 1177 1732 1213 nostrorum
1758 1177 2004 1215 seruitorum

142 1239 378 1280 residentes
413 1240 454 1277 111
487 1240 745 1293 episcopatu7
787 1240 855 1279 uel
888 1240 928 1278 in
961 1240 1129 1279 abbatia
1160 1240 1228 1280 uel
1261 1241 1302 1279 in
1334 1242 1596 1292 prepositura
1628 1240 1795 1282 fuerint.
1839 1245 1895 1283 1111
1930 1257 2002 1296 pro

142 1319 389 1359 quacunque
422 1319 549 1347 causa
583 1314 756 1359 possunt
797 1309 991 1360 occupari
1032 1320 1170 1348 coram
1204 1308 1313 1349 dicte
1346 1310 1525 1348 ciuitatis
1567 1309 1702 1350 iudice
1745 1314 1999 1363 responsuri.

139 1376 242 1415 Item
277 1376 460 1415 dedimus
495 1377 781 1427 promittentes
814 1378 968 1416 nostris
1001 1377 1162 1416 ciuibus
1196 1376 1383 1417 fidelibus
1417 1382 1458 1417 et
1490 1378 1678 1418 honestis
1722 1381 1828 1432 quod
1863 1383 1999 1421 nuilus

139 1449 323 1483 nostrum
357 1446 425 1496 qui
459 1457 598 1483 sumus
640 1445 788 1485 domini
829 1445 1016 1497 predicte
1057 1446 1236 1485 ciuitatis
1278 1447 1455 1498 aliquam
1499 1447 1621 1487 debet
1656 1446 1799 1489 facere
1834 1451 1999 1490 violen-

138 1513 234 1552 tiam
272 1514 374 1564 ipsis
416 1513 576 1552 ciuibus
618 1513 694 1552 sed
737 1514 933 1566 quidquid
972 1517 1117 1553 contra
1157 1515 1335 1567 aliquem
1378 1516 1556 1567 ipsorum
1601 1529 1738 1571 agere
1780 1518 1999 1559 habuerint

138 1580 217 1621 hoc
249 1593 340 1620 cum
373 1581 509 1621 iudice
541 1593 677 1621 coram
710 1583 856 1621 iuratis
890 1583 929 1621 in
963 1583 1053 1634 ipsa
1087 1584 1255 1623 ciuitate
1294 1583 1419 1624 debet
1457 1583 1542 1624 lieri
1577 1586 1802 1625 secundum
1836 1588 1998 1628 iusticie

139 1649 487 1701 complementum.
551 1651 727 1702 Insuper
765 1651 906 1690 damus
947 1652 1049 1702 ipsis
1091 1651 1199 1704 quod
1231 1653 1364 1692 omnia
1406 1654 1495 1692 iura
1537 1665 1618 1706 que
1651 1654 1776 1694 habet
1810 1656 1997 1707 predicta

140 1718 286 1756 ciuitas
321 1722 361 1757 et
394 1731 472 1756 non
509 1724 603 1757 sunt
636 1720 791 1770 scripta
825 1719 1036 1760 dummodo
1070 1721 1203 1760 sciant
1236 1722 1394 1761 scilicet
1428 1726 1573 1762 noster
1606 1728 1776 1775 patruus
1810 1726 1996 1764 Remun-

140 1786 216 1825 dus
251 1786 383 1825 dictus
418 1786 469 1825 de
502 1787 852 1827 Leuchtenburch
885 1794 925 1828 et
959 1788 1119 1828 domina
1153 1789 1205 1828 de
1237 1789 1371 1829 Zlebu
1406 1794 1445 1829 61
1480 1792 1599 1830 iurati
1633 1794 1848 1844 ceterique
1882 1795 1996 1833 ciues

139 1854 380 1893 Brodenses
423 1855 490 1893 illa
538 1868 743 1907 nunquam
786 1857 886 1908 ipsis
928 1858 1113 1896 uolumus
1154 1858 1326 1898 violare.
1391 1859 1447 1897 Vt
1490 1859 1568 1899 1166
1613 1863 1745 1900 omnia
1779 1867 1994 1912 prenotata

139 1934 220 1975 que
254 1924 509 1974 promisimus
543 1922 619 1962 fide
654 1924 749 1963 data
782 1929 822 1964 61
855 1926 945 1964 sine
978 1927 1083 1964 omni
1116 1924 1263 1965 fraude
1297 1927 1336 1965 111
1371 1927 1449 1966 hac
1486 1928 1623 1967 littera
1658 1929 1855 1980 predictis
1889 1932 1994 1969 ciui-

137 1992 215 2031 bus
247 1992 366 2030 nobis
400 1990 587 2031 fidelibus
630 1997 671 2032 et
704 1992 865 2033 dilectis
900 1999 1089 2033 maneant
1122 1995 1291 2048 integra
1332 2000 1371 2034 et
1413 1997 1611 2036 inviolata
1644 1998 1769 2037 robur
1804 1998 1993 2039 babendo

138 2064 180 2100 et
212 2064 477 2115 augmentum
512 2066 747 2112 presentem
781 2066 933 2100 cartam
966 2063 1232 2114 apposicione
1256 2065 1490 2117 sigillorum
1525 2067 1683 2105 scilicet
1718 2068 1845 2105 nostri
1875 2068 1993 2107 11611-

137 2130 271 2167 manni
314 2129 409 2168 dicti
452 2129 504 2169 de
536 2130 886 2169 Leuchtenburch
930 2136 968 2169 et
1011 2132 1143 2182 patrui
1186 2133 1315 2171 nostri
1357 2134 1561 2173 Remnndi
1602 2146 1679 2173 nec
1722 2147 1800 2174 non
1845 2138 1991 2175 sororii

137 2199 267 2237 nostri
301 2196 441 2237 fratris
470 2199 666 2238 Jesconis
700 2199 1039 2239 commendatoris
1073 2200 1124 2239 de
1157 2201 1314 2251 rippein
1349 2201 1534 2240 dedimus
1570 2203 1816 2242 roboratam.
1852 2206 1910 2253 (js.
1928 2205 1990 2253 11.)

448 2305 499 2336 Ex
525 2307 675 2348 originali
701 2308 731 2337 in
756 2307 891 2338 archivo
917 2308 1062 2339 civitatis
1087 2307 1360 2339 Teuto-Brodae.
