2217 2829
1053 119 1154 158 233

173 263 437 304 Sabiniensis
479 262 714 312 Episcopus
756 259 855 313 Ego
893 257 1080 297 Jacobus
1115 256 1344 295 Tusculani
1385 256 1620 308 Episcopus
1663 256 1761 310 Ego
1802 258 2036 298 Rainaldus

176 332 384 372 Ostiensis
418 335 457 370 et
490 328 782 368 Vellescensis
815 327 1049 378 Episcopus
1082 324 1180 378 Ego
1204 324 1414 363 Rainerus
1439 323 1624 364 Sanctae
1657 325 1822 364 Mariae
1855 327 1894 364 in
1921 324 2033 365 Cos-

173 400 309 441 medin
349 399 563 438 Diaconus
606 395 845 437 Cardinalis
882 395 981 448 Ego
1023 392 1118 447 Otto
1159 392 1304 432 Sancti
1343 393 1502 432 Nicolai
1546 394 1586 431 in
1629 391 1817 433 Carcere
1851 394 2032 434 Tulliani

174 469 386 508 Diaconus
420 465 672 506 Cardinalis.
718 464 869 503 Datum
902 462 1080 513 vitei-bij
1115 473 1190 513 per
1223 473 1382 500 manum
1405 461 1606 515 Magistri
1633 461 1825 501 Gulielmi
1849 462 2036 504 Sanctae

175 538 386 576 Romanae
421 534 640 573 Ecclesiae
665 533 773 571 Vice
797 530 1049 581 Cancellarij
1084 529 1234 569 XVIII
1258 529 1463 569 Kalendis
1489 530 1590 569 Maii
1614 530 1845 570 Indictione
1871 538 2032 571 octaua.

174 603 476 643 Incarnationis
519 602 760 641 Dominicae
801 598 1181 639 MCCXXXVIII.
1247 596 1513 637 Pontificatus
1559 598 1819 638 Sanctissimi
1871 599 2032 639 Domini

175 671 375 726 Gregorii
410 682 542 722 papae
577 669 682 708 Noni
716 669 840 708 Anno
874 667 1118 708 Vndecimo.

483 777 512 808 E
538 778 634 817 copia
659 776 814 807 vidimata
848 777 878 806 in
909 775 1046 807 archivo
1081 777 1335 816 praepositurae
1370 787 1396 805 s.
1423 775 1595 817 Hippolyti
1631 775 1755 806 ordinis
1786 776 2032 809 Crucil'crorum

588 837 658 859 cum
685 828 787 858 rubea
812 828 921 858 stella.

1034 984 1173 1022 xvll.

178 1099 386 1149 premysl.
420 1097 606 1136 marchio
639 1098 873 1135 ,Herm-iae.
907 1096 1039 1134 donat
1071 1096 1272 1134 ecelesiae
1306 1094 1354 1135 S.
1390 1096 1512 1134 Petra·
1549 1098 1633 1135 (res
1665 1096 1836 1136 Ianeeos
1868 1101 1907 1136 et
1941 1110 2033 1137 mo-

175 1167 394 1206 lendinum
418 1168 557 1218 Juxta
590 1166 789 1204 Bramme
830 1166 931 1203 sitos
973 1166 1015 1203 in
1055 1166 1440 1216 compensationem
1478 1165 1679 1204 ecclesiae
1712 1164 1760 1206 S.
1794 1166 2031 1207 ,Michaelis

783 1234 881 1272 Dto.
916 1234 1098 1272 Brumae
1132 1245 1244 1271 anno
1281 1233 1424 1271 1241.

353 1343 402 1392 {n
436 1354 608 1393 Nomine
642 1354 802 1392 Domini
826 1354 974 1392 Amen.
1022 1353 1080 1392 Vt
1114 1353 1267 1392 nostris
1301 1353 1553 1403 temporibus
1586 1358 1715 1407 gesta
1748 1355 1906 1394 immota
1932 1369 2031 1407 per-

174 1430 385 1461 maneant.
430 1430 467 1461 et
503 1434 555 1461 ne
589 1422 640 1460 (le
675 1422 800 1460 rebus
834 1421 987 1460 decisis
1021 1422 1191 1460 arbitrio
1228 1422 1293 1460 vel
1328 1422 1464 1472 aliqua
1500 1423 1707 1461 sententia
1735 1423 1919 1474 judiciali
1955 1425 2032 1464 de-

171 1492 399 1531 terminatis
432 1492 574 1530 iterum
609 1491 838 1541 calumpnia
873 1491 1000 1540 possit
1035 1491 1131 1529 oriri
1165 1490 1299 1529 solent
1335 1491 1542 1529 literarum
1572 1491 1760 1530 custodia
1793 1494 2030 1545 mancipari.

171 1559 318 1599 Notum
360 1561 490 1614 igitur
532 1558 703 1598 facimus
736 1559 959 1598 Vniuersis
992 1566 1071 1597 tam
1116 1559 1380 1610 presentibus
1424 1571 1542 1610 qnam
1586 1558 1754 1598 suturis:
1802 1560 1918 1609 Quod
1955 1575 2030 1602 nos

173 1628 373 1668 Przemisl
407 1628 472 1667 dci
507 1629 656 1682 gracia
690 1627 879 1667 Marchio
914 1628 1120 1667 Moravie.
1165 1628 1416 1667 Weneeslai
1453 1629 1575 1667 incliti
1622 1630 1740 1683 regis
1775 1632 1908 1681 quarti
1945 1632 2029 1671 Βο-

172 1697 305 1737 hemie
339 1696 443 1735 lilius
477 1697 528 1735 ad
563 1697 796 1748 petitionem
839 1696 975 1735 dilecti
1017 1697 1220 1748 capellani
1257 1699 1383 1736 nostri
1419 1697 1583 1737 Alberti
1628 1698 1679 1737 de
1716 1698 1863 1738 Monte
1897 1702 2029 1739 sancti

172 1766 285 1805 Petri
321 1766 358 1804 in
394 1766 533 1803 Brona
568 1770 654 1804 tres
689 1766 832 1804 laneos
866 1778 953 1803 cnm
987 1765 1218 1805 molendino
1262 1773 1300 1805 et
1338 1766 1533 1817 quosdam
1577 1768 1808 1818 piscatores
1843 1780 1931 1807 cum
1965 1770 2030 1820 ip-

173 1846 309 1873 sorum
344 1834 578 1873 attinenciis
613 1835 650 1872 in
685 1833 910 1872 Zwittavia
946 1835 1059 1872 iuxta
1093 1835 1270 1873 Brunam
1306 1836 1405 1873 sita.
1449 1837 1515 1886 qui
1550 1835 1599 1874 ad
1637 1835 1877 1876 beneficium
1912 1838 2031 1890 dapi—

171 1901 249 1942 feri
283 1903 557 1953 pertinebann
591 1914 694 1953 quos
729 1903 857 1941 eciam
892 1903 1054 1941 inclitus
1079 1902 1270 1942 Marcbio
1301 1902 1434 1943 felicis
1467 1905 1659 1944 memorie
1685 1910 1855 1955 patruus
1889 1914 2031 1946 noster

172 1971 374 2011 Przemisl
408 1972 446 2009 in
481 1972 910 2022 recompensacionem
947 1971 1128 2010 ecclesie
1162 1973 1293 2011 sancti
1320 1972 1539 2013 Michaelis
1575 1972 1653 2012 filie
1682 1974 1864 2013 ecclesie
1897 1978 2028 2015 sancti

174 2039 286 2079 Petri
329 2040 379 2079 de
422 2047 556 2078 monte
599 2040 728 2079 dicte.
782 2045 819 2079 et
865 2040 985 2078 beate
1027 2041 1218 2079 memorie
1262 2041 1445 2080 dominus
1491 2043 1698 2080 Robertns
1742 2041 2028 2083 Oloinucensis

171 2109 392 2159 episcopus
433 2121 507 2147 suo
552 2109 772 2161 priuilegio
816 2120 889 2159 per
931 2110 1185 2147 sentenciam
1228 2111 1668 2149 excommunicacionis
1714 2111 1941 2164 roborauin¹
1987 2115 2025 2151 in

173 2188 252 2228 qua
287 2189 394 2215 nunc
429 2177 563 2216 dilecti
601 2176 752 2217 l'ratres
786 2177 941 2216 ordinis
976 2177 1274 2227 predicatorum
1301 2180 1519 2217 oratorium
1555 2184 1889 2219 construxerunt.
1938 2182 2027 2220 Da-

173 2257 259 2283 mus
292 2245 422 2284 eidem
458 2247 638 2285 ecclesie
673 2252 710 2285 et
746 2245 1009 2285 concedimus
1045 2246 1228 2297 predicta
1263 2247 1367 2286 bona
1404 2246 1691 2286 contii-mantes
1727 2248 1855 2286 libere
1890 2252 2028 2299 possi-

170 2312 317 2356 denda.
382 2313 446 2353 Ne
479 2316 571 2365 quis
603 2322 739 2353 autem
772 2326 1061 2353 successorum
1096 2322 1324 2353 nostrornm
1360 2315 1465 2354 lianc
1499 2318 1850 2355 connnutationem
1887 2318 2025 2357 valeat

171 2380 406 2435 infringere
449 2391 682 2433 presentem
718 2384 914 2435 paginam
949 2385 1155 2422 conscribi
1199 2392 1234 2423 et
1272 2385 1400 2437 sigilli
1442 2385 1568 2423 nostri
1604 2386 1821 2424 munimine
1855 2384 2026 2424 fecimus

170 2451 369 2490 roborari.
436 2451 568 2502 Hujus
610 2459 743 2490 antem
787 2452 844 2490 rei
886 2458 1017 2491 testes
1059 2461 1174 2491 sunt:
1225 2452 1348 2491 Vitko
1393 2453 1443 2491 (le
1477 2452 1595 2491 Noua
1638 2452 1766 2492 domo.
1832 2453 1951 2492 ,wilik
1987 2460 2027 2494 et

171 2518 279 2558 zdik
315 2518 443 2558 l'rater
476 2520 577 2558 eius.
646 2519 808 2558 l'arduz
842 2522 1106 2560 camerarius.
1173 2520 1335 2559 (ss'zercb
1372 2521 1626 2559 castellanus
1661 2521 1711 2560 de
1745 2521 2024 2571 §leydlwerk

1547 2594 1612 2632 30
