2217 2829
1003 140 1104 179 ‘209

128 293 206 323 nos
240 282 505 321 donacionem
538 279 707 318 comicie
748 282 789 317 et
821 278 946 316 castri
986 277 1026 314 in
1060 276 1202 315 Rachs
1243 288 1334 315 cum
1366 277 1453 315 suis
1484 276 1711 316 honoribus
1745 279 1908 329 Juribus
1941 285 1983 320 et

130 349 399 403 pertinenciis
430 347 655 398 Vniuersis7
695 356 771 397 per
804 345 1002 384 illustrem
1034 342 1255 383 Rudolfum
1290 343 1433 384 ducem
1466 344 1653 396 Austrie7
1685 345 1908 396 principem
1941 352 1984 387 et

128 417 449 471 primogenitum
500 417 681 453 nostrum
727 412 1009 464 karissimum,
1067 411 1193 450 nobili
1239 412 1329 450 viro
1375 412 1574 451 Heinrico
1627 411 1680 451 de
1725 411 1983 469 Rosenberg

129 483 296 536 factam7
337 485 457 533 prout
488 482 527 520 in
561 480 744 521 eiusdem
787 479 904 519 ducis
937 479 1068 518 literis
1101 489 1227 529 super
1260 490 1310 517 eo
1344 477 1546 518 confectis
1578 483 1620 518 et
1650 479 1813 519 traditis
1844 483 1981 522 conti-

129 551 220 591 neri
253 550 493 601 dinoscitur,
526 552 655 587 ratam
689 551 731 588 et
762 550 926 601 gratam
950 546 1168 597 habentes⁷
1201 557 1289 585 eam
1315 547 1560 586 auctoritate
1584 547 1843 597 presencium
1876 560 1979 588 con—

129 616 345 670 firmamus7
377 616 582 667 volentes,
615 619 658 654 ut
690 615 726 654 is
759 615 828 666 qui
850 611 1030 653 Rudolfo
1065 612 1170 652 duce
1202 614 1310 663 [sic]
1344 613 1528 664 predicto
1561 615 1601 653 in
1634 614 1785 655 ducatu
1808 615 1982 656 Austrie

128 685 397 736 succes-serit,
431 683 699 722 donacionem
732 680 904 721 eandem
937 681 1025 719 suis
1058 681 1188 720 literis
1212 681 1462 731 specialibus
1490 682 1659 721 innouet
1690 685 1732 721 et
1754 680 1978 736 confirmet,

130 751 178 791 In
211 752 329 791 cuius
361 751 422 790 rei
454 750 726 790 testimonium
759 751 980 799 presentes
1011 748 1155 787 literas
1179 748 1305 787 scribi
1338 753 1379 787 et
1410 752 1551 788 nostre
1574 750 1801 789 maiestatis
1833 750 1976 805 sigillo

129 819 325 858 iussimus
357 817 607 857 communiri.
670 816 819 855 Datum
852 816 893 854 in
925 817 1075 854 castris
1108 827 1236 866 prope
1268 815 1439 854 Lunam.
1490 816 1609 855 VIII.
1643 817 1735 856 idus
1773 816 1979 858 Octobris.

127 897 235 925 anno
269 885 416 924 domini
449 884 660 923 millesimo
694 883 985 922 trecentesimo
1017 887 1151 921 sexto.
1185 884 1309 937 regni
1344 895 1446 923 vero
1479 885 1607 924 nostri
1640 896 1748 924 anno
1780 897 1901 925 nono.

436 989 531 1031 (sig.
555 989 686 1030 majest.
712 998 788 1030 app.
815 990 934 1030 optime
960 989 1226 1030 conservatum.)
1280 989 1332 1020 Ex
1357 991 1439 1031 orig.
1465 990 1590 1022 archivi
1615 991 1839 1023 Trebonensis
1868 993 1979 1025 deser.

538 1040 576 1071 F.
601 1038 765 1072 Palackt'u

935 1183 1173 1226 CXCVIII.

126 1298 347 1337 Nicolaus.
390 1297 485 1335 dur
525 1300 564 1335 et
605 1296 726 1335 heres
766 1299 905 1335 terrae
946 1296 1159 1348 Opta-iae.
1205 1297 1426 1349 confirmat
1463 1298 1685 1349 privilegia
1726 1301 1881 1339 civium
1923 1301 1975 1341 de

126 1365 305 1416 Oparia.
339 1365 535 1415 HIubcae’c,
558 1364 855 1416 ‚Iueqerndorf
874 1368 914 1403 et
938 1365 1248 1404 Frendenthal.
1300 1366 1399 1404 Dto.
1426 1365 1628 1418 opat-iae,
1662 1367 1710 1406 X
1717 1367 1765 1407 V.
1786 1368 1974 1408 Kalend.

860 1432 1069 1471 danum-ii
1103 1432 1246 1471 1306.

280 1549 331 1598 In
365 1560 526 1599 nomine
550 1559 696 1599 domini
720 1571 851 1598 amen.
899 1559 1103 1599 Nouerint
1127 1561 1311 1599 vniuersi
1336 1566 1556 1611 presentes
1589 1566 1630 1601 et
1661 1565 1831 1616 posteri7
1865 1565 1974 1616 quod

122 1639 198 1666 nos
231 1627 462 1680 Nycolaus7
497 1627 562 1667 dei
595 1629 745 1681 gracia
777 1627 883 1679 dux,
921 1627 1106 1667 dominus
1139 1634 1180 1667 et
1212 1640 1340 1668 verus
1373 1629 1511 1668 Heres
1536 1630 1671 1670 Terre
1698 1629 1871 1684 Opauie7
1905 1633 1971 1672 di-

122 1695 242 1734 lectis
276 1693 464 1734 fidelibus
506 1695 686 1749 singulis
728 1700 768 1734 et
808 1696 1018 1734 vniuersis
1052 1700 1227 1746 quatuor
1259 1697 1465 1736 ciuitatum
1504 1701 1755 1740 nostrarum.
1798 1699 1969 1755 Opauie7

122 1762 333 1815 Lohsyzc,
365 1762 636 1817 Jegerdorpb
671 1767 712 1801 et
744 1763 1005 1802 Vrowdintal
1038 1765 1197 1803 ciuibus
1230 1763 1412 1804 fauorem
1436 1767 1586 1818 gracie
1619 1770 1760 1806 nostre
1792 1770 1971 1808 contuli-

121 1842 231 1882 mus.
285 1834 327 1870 et
367 1830 590 1870 secundum
634 1831 920 1871 beniuolencie
965 1837 1106 1871 nostre
1147 1833 1347 1886 gremium
1386 1833 1619 1874 voluntarie
1661 1839 1701 1873 et
1742 1836 1970 1877 liberaliter

121 1899 338 1948 aperimus.
402 1898 449 1936 In
484 1910 533 1937 eo
567 1898 774 1951 videlicet.
809 1898 916 1950 quod
950 1900 1147 1937 Vniuersa
1181 1911 1319 1938 eorum
1349 1901 1584 1955 priuilegia7
1616 1904 1802 1956 gracias,
1835 1904 1967 1944 dona-

120 1967 256 2005 tiones
290 1970 332 2005 et
363 1967 475 2018 iura.
517 1977 591 2017 per
633 1966 798 2006 eosdem
839 1967 953 2005 ciues
995 1966 1157 2005 habitas
1191 1968 1257 2005 vel
1291 1967 1430 2007 habita
1462 1973 1558 2008 ante
1591 1974 1763 2023 tempus7
1806 1984 1887 2023 quo
1920 1987 1968 2015 se

121 2039 261 2073 nostro
294 2034 466 2073 dominio
501 2033 633 2074 denuo
671 2035 973 2081 conmiserunt.
1015 2038 1164 2087 gratas
1198 2040 1238 2073 et
1270 2040 1415 2088 grata,
1462 2037 1720 2077 inuiolabiles
1761 2043 1802 2078 et
1832 2041 1970 2081 invio-

121 2102 203 2140 lata
237 2113 493 2142 conseruare
527 2100 713 2146 fideliter.
749 2103 1026 2153 promittimus.
1060 2107 1101 2141 et
1125 2104 1331 2152 presentis
1364 2105 1504 2155 scripti
1530 2106 1754 2154 patrocinio
1787 2119 1967 2149 commu-

121 2170 265 2208 nimus.
330 2170 383 2209 Et
416 2174 459 2208 vt
493 2170 766 2221 predictorum
801 2171 945 2209 ciuium
980 2174 1208 2209 nostrorum
1242 2169 1372 2210 fidelis
1406 2172 1598 2222 devocio.
1632 2184 1712 2223 qua
1744 2186 1792 2214 se
1825 2182 1966 2218 nostro

122 2237 296 2276 dominio
329 2239 627 2284 conmiserunt.
673 2239 839 2277 aliarum
874 2245 1074 2277 terrarum
1115 2239 1258 2277 incolis
1290 2239 1340 2277 ad
1375 2244 1553 2279 nostram
1597 2240 1787 2281 ditionem
1826 2248 1967 2284 trans-

123 2305 244 2344 eundi
283 2306 460 2355 patulum
503 2307 555 2344 sit
597 2306 846 2359 exemplum.
894 2307 980 2346 Nos
1023 2306 1073 2346 de
1106 2307 1310 2360 singulari
1344 2308 1492 2359 gracia
1535 2313 1575 2346 et
1609 2309 1869 2362 benignitate
1902 2313 1964 2351 eis

121 2385 194 2412 eas
227 2374 399 2426 gracias
434 2378 475 2412 et
507 2375 813 2427 prerogatiuas.
848 2386 922 2425 per
954 2386 1029 2413 nos
1063 2374 1114 2413 de
1138 2386 1243 2413 nouo
1267 2375 1451 2419 collatas.
1485 2374 1785 2429 contii-mantes,
1818 2383 1964 2420 tenere

120 2440 280 2479 cunctis
313 2442 562 2491 temporibus
597 2443 861 2492 promittimus
895 2443 1093 2494 illibatas7
1141 2442 1333 2481 videlicet
1366 2446 1410 2480 vt
1442 2443 1540 2481 nulli
1574 2444 1718 2482 ciuium
1753 2446 1961 2496 predicto—

120 2521 204 2547 rum
240 2516 415 2560 quatuor
447 2510 651 2548 ciuitatum
687 2509 889 2561 quidpiam
923 2511 1091 2561 iniurie.
1134 2511 1405 2561 opi-essionis,
1448 2511 1653 2551 violencie
1684 2517 1753 2551 aut
1787 2515 1963 2564 captiui-

1481 2581 1547 2621 2⁷
