<?xml version="1.0" encoding="UTF-8"?>
<!DOCTYPE html PUBLIC "-//W3C//DTD XHTML 1.0 Transitional//EN"
    "http://www.w3.org/TR/xhtml1/DTD/xhtml1-transitional.dtd">
<html xmlns="http://www.w3.org/1999/xhtml" xml:lang="en" lang="en">
 <head>
  <title>
</title>
<meta http-equiv="Content-Type" content="text/html;charset=utf-8" />
  <meta name='ocr-system' content='tesseract 3.04.00' />
  <meta name='ocr-capabilities' content='ocr_page ocr_carea ocr_par ocr_line ocrx_word'/>
</head>
<body>
  <div class='ocr_page' id='page_1' title='image "./codexdiplomaticu05morauoft_0049.png"; bbox 0 0 2217 2829; ppageno 0'>
   <div class='ocr_carea' id='block_1_1' title="bbox 1015 160 1081 200">
    <p class='ocr_par' dir='ltr' id='par_1_1' title="bbox 1015 160 1081 200">
     <span class='ocr_line' id='line_1_1' title="bbox 1015 160 1081 200; baseline 0 0"><span class='ocrx_word' id='word_1_1' title='bbox 1015 160 1081 200; x_wconf 73' lang='lat'><strong>27</strong></span> 
     </span>
    </p>
   </div>
   <div class='ocr_carea' id='block_1_2' title="bbox 119 297 1981 2184">
    <p class='ocr_par' dir='ltr' id='par_1_2' title="bbox 119 297 1981 2062">
     <span class='ocr_line' id='line_1_2' title="bbox 119 297 1981 353; baseline -0.004 -9"><span class='ocrx_word' id='word_1_2' title='bbox 119 306 332 345; x_wconf 88' lang='lat' dir='ltr'><strong>Perronus</strong></span> <span class='ocrx_word' id='word_1_3' title='bbox 364 303 612 342; x_wconf 89' lang='lat' dir='ltr'><strong>Larinensis</strong></span> <span class='ocrx_word' id='word_1_4' title='bbox 654 301 799 340; x_wconf 87' lang='lat' dir='ltr'><strong>eadem</strong></span> <span class='ocrx_word' id='word_1_5' title='bbox 839 300 990 353; x_wconf 75' lang='lat' dir='ltr'><strong>gracia</strong></span> <span class='ocrx_word' id='word_1_6' title='bbox 1033 299 1239 351; x_wconf 69' lang='lat' dir='ltr'><strong>episcopi.</strong></span> <span class='ocrx_word' id='word_1_7' title='bbox 1281 299 1456 337; x_wconf 86' lang='lat' dir='ltr'><strong>salutem</strong></span> <span class='ocrx_word' id='word_1_8' title='bbox 1494 299 1533 336; x_wconf 89' lang='lat' dir='ltr'><strong>in</strong></span> <span class='ocrx_word' id='word_1_9' title='bbox 1568 297 1727 336; x_wconf 89' lang='lat' dir='ltr'><strong>domino</strong></span> <span class='ocrx_word' id='word_1_10' title='bbox 1761 299 1981 348; x_wconf 87' lang='lat' dir='ltr'><strong>sempiter-</strong></span> 
     </span>
     <span class='ocr_line' id='line_1_3' title="bbox 119 366 1979 422; baseline -0.004 -10"><span class='ocrx_word' id='word_1_11' title='bbox 119 386 225 413; x_wconf 86' lang='lat' dir='ltr'><strong>nam.</strong></span> <span class='ocrx_word' id='word_1_12' title='bbox 289 372 487 420; x_wconf 80' lang='lat' dir='ltr'>Quoniam</span> <span class='ocrx_word' id='word_1_13' title='bbox 521 370 683 422; x_wconf 85' lang='lat' dir='ltr'><strong>quidem</strong></span> <span class='ocrx_word' id='word_1_14' title='bbox 722 369 773 408; x_wconf 91' lang='lat' dir='ltr'><strong>de</strong></span> <span class='ocrx_word' id='word_1_15' title='bbox 807 369 941 407; x_wconf 88' lang='lat' dir='ltr'><strong>salute</strong></span> <span class='ocrx_word' id='word_1_16' title='bbox 983 366 1158 407; x_wconf 88' lang='lat' dir='ltr'><strong>fidelium</strong></span> <span class='ocrx_word' id='word_1_17' title='bbox 1192 368 1355 406; x_wconf 83' lang='grc'>80111(·111</span> <span class='ocrx_word' id='word_1_18' title='bbox 1397 367 1613 407; x_wconf 82' lang='lat' dir='ltr'><strong>deuocioni</strong></span> <span class='ocrx_word' id='word_1_19' title='bbox 1647 368 1827 417; x_wconf 88' lang='lat' dir='ltr'><strong>ipsorum</strong></span> <span class='ocrx_word' id='word_1_20' title='bbox 1862 368 1979 418; x_wconf 87' lang='lat' dir='ltr'><strong>quasi</strong></span> 
     </span>
     <span class='ocr_line' id='line_1_4' title="bbox 121 436 1981 494; baseline -0.004 -14"><span class='ocrx_word' id='word_1_21' title='bbox 121 440 363 494; x_wconf 89' lang='lat' dir='ltr'><strong>quibusdam</strong></span> <span class='ocrx_word' id='word_1_22' title='bbox 397 439 600 479; x_wconf 86' lang='lat' dir='ltr'><strong>allectiuis</strong></span> <span class='ocrx_word' id='word_1_23' title='bbox 623 438 872 477; x_wconf 77' lang='lat' dir='ltr'>Muneribus</span> <span class='ocrx_word' id='word_1_24' title='bbox 906 436 1187 489; x_wconf 78' lang='lat' dir='ltr'><strong>indulgenciis</strong></span> <span class='ocrx_word' id='word_1_25' title='bbox 1223 436 1418 475; x_wconf 80' lang='lat' dir='ltr'><strong>videlicet</strong></span> <span class='ocrx_word' id='word_1_26' title='bbox 1451 439 1492 475; x_wconf 83' lang='lat' dir='ltr'><strong>et</strong></span> <span class='ocrx_word' id='word_1_27' title='bbox 1524 436 1837 475; x_wconf 73' lang='lat' dir='ltr'><strong>remissionibus</strong></span> <span class='ocrx_word' id='word_1_28' title='bbox 1872 437 1981 474; x_wconf 88' lang='lat' dir='ltr'><strong>inui-</strong></span> 
     </span>
     <span class='ocr_line' id='line_1_5' title="bbox 119 504 1981 555; baseline -0.004 -6"><span class='ocrx_word' id='word_1_29' title='bbox 119 515 253 549; x_wconf 89' lang='lat' dir='ltr'><strong>tamus</strong></span> <span class='ocrx_word' id='word_1_30' title='bbox 285 509 339 548; x_wconf 87' lang='lat' dir='ltr'><strong>ad</strong></span> <span class='ocrx_word' id='word_1_31' title='bbox 372 509 498 547; x_wconf 88' lang='lat' dir='ltr'><strong>debiti</strong></span> <span class='ocrx_word' id='word_1_32' title='bbox 531 505 751 546; x_wconf 81' lang='lat' dir='ltr'>famulatus</span> <span class='ocrx_word' id='word_1_33' title='bbox 785 507 981 545; x_wconf 81' lang='lat' dir='ltr'>honorem</span> <span class='ocrx_word' id='word_1_34' title='bbox 1025 505 1101 544; x_wconf 89' lang='lat' dir='ltr'><strong>deo</strong></span> <span class='ocrx_word' id='word_1_35' title='bbox 1145 508 1186 544; x_wconf 81' lang='lat' dir='ltr'><strong>et:</strong></span> <span class='ocrx_word' id='word_1_36' title='bbox 1225 506 1359 543; x_wconf 85' lang='lat' dir='ltr'><strong>sacris</strong></span> <span class='ocrx_word' id='word_1_37' title='bbox 1402 504 1548 543; x_wconf 80' lang='lat' dir='ltr'><strong>edibus</strong></span> <span class='ocrx_word' id='word_1_38' title='bbox 1592 504 1904 555; x_wconf 86' lang='lat' dir='ltr'><strong>impendendum</strong></span> <span class='ocrx_word' id='word_1_39' title='bbox 1939 509 1981 542; x_wconf 78' lang='lat' dir='ltr'><strong>vt</strong></span> 
     </span>
     <span class='ocr_line' id='line_1_6' title="bbox 122 571 1981 630; baseline -0.003 -14"><span class='ocrx_word' id='word_1_40' title='bbox 122 584 274 630; x_wconf 91' lang='lat' dir='ltr'><strong>quanto</strong></span> <span class='ocrx_word' id='word_1_41' title='bbox 307 577 496 616; x_wconf 88' lang='lat' dir='ltr'><strong>crebrius</strong></span> <span class='ocrx_word' id='word_1_42' title='bbox 531 580 571 615; x_wconf 85' lang='lat' dir='ltr'><strong>et</strong></span> <span class='ocrx_word' id='word_1_43' title='bbox 605 575 802 614; x_wconf 82' lang='lat' dir='ltr'><strong>deuocius</strong></span> <span class='ocrx_word' id='word_1_44' title='bbox 837 575 931 613; x_wconf 80' lang='lat' dir='ltr'><strong>il-luc</strong></span> <span class='ocrx_word' id='word_1_45' title='bbox 965 572 1128 613; x_wconf 85' lang='lat' dir='ltr'><strong>confluit</strong></span> <span class='ocrx_word' id='word_1_46' title='bbox 1160 574 1335 624; x_wconf 88' lang='lat' dir='ltr'><strong>populus</strong></span> <span class='ocrx_word' id='word_1_47' title='bbox 1364 571 1628 612; x_wconf 72' lang='lat' dir='ltr'><strong>Christianus</strong></span> <span class='ocrx_word' id='word_1_48' title='bbox 1654 576 1766 611; x_wconf 85' lang='lat' dir='ltr'><strong>tanto</strong></span> <span class='ocrx_word' id='word_1_49' title='bbox 1800 573 1981 612; x_wconf 81' lang='lat' dir='ltr'><strong>celerius</strong></span> 
     </span>
     <span class='ocr_line' id='line_1_7' title="bbox 121 640 1980 695; baseline -0.003 -10"><span class='ocrx_word' id='word_1_50' title='bbox 121 646 361 686; x_wconf 82' lang='lat' dir='ltr'><strong>delictorum</strong></span> <span class='ocrx_word' id='word_1_51' title='bbox 409 656 574 683; x_wconf 89' lang='lat' dir='ltr'><strong>suorum</strong></span> <span class='ocrx_word' id='word_1_52' title='bbox 623 644 788 683; x_wconf 77' lang='lat' dir='ltr'><strong>veniam</strong></span> <span class='ocrx_word' id='word_1_53' title='bbox 830 647 1123 694; x_wconf 75' lang='lat' dir='ltr'><strong>consequatur.</strong></span> <span class='ocrx_word' id='word_1_54' title='bbox 1199 640 1427 693; x_wconf 80' lang='lat' dir='ltr'><strong>Cupientes</strong></span> <span class='ocrx_word' id='word_1_55' title='bbox 1480 643 1610 695; x_wconf 77' lang='lat' dir='ltr'><strong>igitur</strong></span> <span class='ocrx_word' id='word_1_56' title='bbox 1652 649 1695 681; x_wconf 74' lang='lat' dir='ltr'><strong>vt</strong></span> <span class='ocrx_word' id='word_1_57' title='bbox 1737 642 1898 693; x_wconf 75' lang='lat' dir='ltr'><strong>capella</strong></span> <span class='ocrx_word' id='word_1_58' title='bbox 1942 643 1980 680; x_wconf 89' lang='lat' dir='ltr'><strong>in</strong></span> 
     </span>
     <span class='ocr_line' id='line_1_8' title="bbox 119 710 1979 763; baseline -0.003 -10"><span class='ocrx_word' id='word_1_59' title='bbox 119 715 292 754; x_wconf 88' lang='lat' dir='ltr'><strong>Brunna</strong></span> <span class='ocrx_word' id='word_1_60' title='bbox 325 713 610 753; x_wconf 83' lang='lat' dir='ltr'><strong>Olomucensis</strong></span> <span class='ocrx_word' id='word_1_61' title='bbox 644 712 862 763; x_wconf 60' lang='lat' dir='ltr'><strong>dyocesis.</strong></span> <span class='ocrx_word' id='word_1_62' title='bbox 902 723 982 763; x_wconf 87' lang='lat' dir='ltr'><strong>que</strong></span> <span class='ocrx_word' id='word_1_63' title='bbox 1016 712 1056 750; x_wconf 90' lang='grc'><strong>111</strong></span> <span class='ocrx_word' id='word_1_64' title='bbox 1089 711 1247 750; x_wconf 85' lang='lat' dir='ltr'><strong>honore</strong></span> <span class='ocrx_word' id='word_1_65' title='bbox 1280 711 1412 749; x_wconf 85' lang='lat' dir='ltr'><strong>sancti</strong></span> <span class='ocrx_word' id='word_1_66' title='bbox 1446 710 1620 760; x_wconf 70' lang='lat' dir='ltr'><strong>Nycolai</strong></span> <span class='ocrx_word' id='word_1_67' title='bbox 1656 717 1695 749; x_wconf 86' lang='lat' dir='ltr'><strong>et</strong></span> <span class='ocrx_word' id='word_1_68' title='bbox 1728 711 1852 749; x_wconf 82' lang='lat' dir='ltr'><strong>beate</strong></span> <span class='ocrx_word' id='word_1_69' title='bbox 1886 711 1979 748; x_wconf 76' lang='lat' dir='ltr'><strong>Ka-</strong></span> 
     </span>
     <span class='ocr_line' id='line_1_9' title="bbox 120 776 1978 836; baseline -0.003 -14"><span class='ocrx_word' id='word_1_70' title='bbox 120 784 255 823; x_wconf 86' lang='lat' dir='ltr'><strong>terine</strong></span> <span class='ocrx_word' id='word_1_71' title='bbox 287 782 469 836; x_wconf 78' lang='lat' dir='ltr'><strong>virginis</strong></span> <span class='ocrx_word' id='word_1_72' title='bbox 504 787 567 821; x_wconf 89' lang='lat' dir='ltr'><strong>est</strong></span> <span class='ocrx_word' id='word_1_73' title='bbox 601 779 772 819; x_wconf 83' lang='lat' dir='ltr'><strong>fundata</strong></span> <span class='ocrx_word' id='word_1_74' title='bbox 806 781 1008 834; x_wconf 79' lang='lat' dir='ltr'><strong>congruis</strong></span> <span class='ocrx_word' id='word_1_75' title='bbox 1042 779 1267 818; x_wconf 87' lang='lat' dir='ltr'><strong>honoribus</strong></span> <span class='ocrx_word' id='word_1_76' title='bbox 1301 784 1341 819; x_wconf 89' lang='lat' dir='ltr'><strong>et</strong></span> <span class='ocrx_word' id='word_1_77' title='bbox 1375 780 1464 833; x_wconf 76' lang='lat' dir='ltr'><strong>iugi</strong></span> <span class='ocrx_word' id='word_1_78' title='bbox 1491 776 1647 818; x_wconf 81' lang='lat' dir='ltr'><strong>Christi</strong></span> <span class='ocrx_word' id='word_1_79' title='bbox 1680 777 1855 818; x_wconf 84' lang='lat' dir='ltr'><strong>fidelium</strong></span> <span class='ocrx_word' id='word_1_80' title='bbox 1889 777 1978 818; x_wconf 83' lang='lat' dir='ltr'><strong>sre-</strong></span> 
     </span>
     <span class='ocr_line' id='line_1_10' title="bbox 120 846 1981 903; baseline -0.002 -14"><span class='ocrx_word' id='word_1_81' title='bbox 120 851 396 903; x_wconf 84' lang='lat' dir='ltr'><strong>quentacione</strong></span> <span class='ocrx_word' id='word_1_82' title='bbox 435 856 676 889; x_wconf 75' lang='lat' dir='ltr'><strong>veneretur.</strong></span> <span class='ocrx_word' id='word_1_83' title='bbox 750 848 947 888; x_wconf 84' lang='lat' dir='ltr'><strong>Omnibus</strong></span> <span class='ocrx_word' id='word_1_84' title='bbox 992 860 1096 888; x_wconf 77' lang='lat' dir='ltr'><strong>vere</strong></span> <span class='ocrx_word' id='word_1_85' title='bbox 1137 848 1418 899; x_wconf 86' lang='lat' dir='ltr'><strong>penitentibus</strong></span> <span class='ocrx_word' id='word_1_86' title='bbox 1461 855 1502 887; x_wconf 91' lang='lat' dir='ltr'><strong>et</strong></span> <span class='ocrx_word' id='word_1_87' title='bbox 1542 846 1773 896; x_wconf 67' lang='lat' dir='ltr'><strong>confessis.</strong></span> <span class='ocrx_word' id='word_1_88' title='bbox 1817 848 1885 899; x_wconf 85' lang='lat' dir='ltr'><strong>qui</strong></span> <span class='ocrx_word' id='word_1_89' title='bbox 1928 848 1981 886; x_wconf 82' lang='lat' dir='ltr'><strong>ad</strong></span> 
     </span>
     <span class='ocr_line' id='line_1_11' title="bbox 120 916 1979 969; baseline -0.003 -10"><span class='ocrx_word' id='word_1_90' title='bbox 120 919 268 959; x_wconf 85' lang='lat' dir='ltr'><strong>dictam</strong></span> <span class='ocrx_word' id='word_1_91' title='bbox 301 918 501 969; x_wconf 88' lang='lat' dir='ltr'><strong>capellam</strong></span> <span class='ocrx_word' id='word_1_92' title='bbox 533 919 574 956; x_wconf 94' lang='lat' dir='ltr'><strong>in</strong></span> <span class='ocrx_word' id='word_1_93' title='bbox 606 916 727 957; x_wconf 85' lang='lat' dir='ltr'><strong>sestiS</strong></span> <span class='ocrx_word' id='word_1_94' title='bbox 761 918 1031 969; x_wconf 60' lang='lat' dir='ltr'><strong>subscriptis,</strong></span> <span class='ocrx_word' id='word_1_95' title='bbox 1073 916 1293 969; x_wconf 64' lang='lat' dir='ltr'><strong>videlicet.</strong></span> <span class='ocrx_word' id='word_1_96' title='bbox 1327 916 1588 967; x_wconf 64' lang='lat' dir='ltr'><strong>Natiuitatis.</strong></span> <span class='ocrx_word' id='word_1_97' title='bbox 1626 917 1979 955; x_wconf 69' lang='lat' dir='ltr'><strong>Resurrectionis.</strong></span> 
     </span>
     <span class='ocr_line' id='line_1_12' title="bbox 121 983 1980 1037; baseline -0.002 -11"><span class='ocrx_word' id='word_1_98' title='bbox 121 987 383 1027; x_wconf 84' lang='lat' dir='ltr'><strong>ascensionis</strong></span> <span class='ocrx_word' id='word_1_99' title='bbox 417 986 565 1025; x_wconf 91' lang='lat' dir='ltr'><strong>domini</strong></span> <span class='ocrx_word' id='word_1_100' title='bbox 597 987 725 1025; x_wconf 85' lang='lat' dir='ltr'><strong>nostri</strong></span> <span class='ocrx_word' id='word_1_101' title='bbox 759 986 866 1025; x_wconf 88' lang='lat' dir='ltr'><strong>Jesu</strong></span> <span class='ocrx_word' id='word_1_102' title='bbox 901 983 1072 1037; x_wconf 60' lang='lat' dir='ltr'><strong>Christi7</strong></span> <span class='ocrx_word' id='word_1_103' title='bbox 1106 989 1232 1037; x_wconf 89' lang='lat' dir='ltr'><strong>atque</strong></span> <span class='ocrx_word' id='word_1_104' title='bbox 1264 988 1547 1036; x_wconf 71' lang='lat' dir='ltr'><strong>pentecostes.</strong></span> <span class='ocrx_word' id='word_1_105' title='bbox 1581 985 1621 1023; x_wconf 93' lang='lat' dir='ltr'><strong>in</strong></span> <span class='ocrx_word' id='word_1_106' title='bbox 1651 992 1826 1036; x_wconf 84' lang='lat' dir='ltr'><strong>quatuor</strong></span> <span class='ocrx_word' id='word_1_107' title='bbox 1858 983 1980 1024; x_wconf 81' lang='lat' dir='ltr'><strong>sesti-</strong></span> 
     </span>
     <span class='ocr_line' id='line_1_13' title="bbox 119 1053 1979 1108; baseline -0.002 -14"><span class='ocrx_word' id='word_1_108' title='bbox 119 1056 317 1095; x_wconf 85' lang='lat' dir='ltr'><strong>uitatibus</strong></span> <span class='ocrx_word' id='word_1_109' title='bbox 349 1055 538 1108; x_wconf 80' lang='lat' dir='ltr'><strong>gloriose</strong></span> <span class='ocrx_word' id='word_1_110' title='bbox 570 1055 753 1108; x_wconf 75' lang='lat' dir='ltr'><strong>virginis</strong></span> <span class='ocrx_word' id='word_1_111' title='bbox 790 1054 951 1106; x_wconf 57' lang='lat' dir='ltr'><strong>Mal-ie,</strong></span> <span class='ocrx_word' id='word_1_112' title='bbox 993 1054 1127 1092; x_wconf 84' lang='lat' dir='ltr'><strong>sancti</strong></span> <span class='ocrx_word' id='word_1_113' title='bbox 1159 1053 1382 1093; x_wconf 77' lang='lat' dir='ltr'><strong>Michaelis</strong></span> <span class='ocrx_word' id='word_1_114' title='bbox 1420 1053 1692 1107; x_wconf 80' lang='lat' dir='ltr'><strong>archangeli.</strong></span> <span class='ocrx_word' id='word_1_115' title='bbox 1735 1054 1867 1092; x_wconf 86' lang='lat' dir='ltr'><strong>sancti</strong></span> <span class='ocrx_word' id='word_1_116' title='bbox 1900 1053 1979 1092; x_wconf 80' lang='lat' dir='ltr'><strong>Jo-</strong></span> 
     </span>
     <span class='ocr_line' id='line_1_14' title="bbox 119 1116 1979 1175; baseline -0.001 -13"><span class='ocrx_word' id='word_1_117' title='bbox 119 1123 270 1163; x_wconf 88' lang='lat' dir='ltr'><strong>hannis</strong></span> <span class='ocrx_word' id='word_1_118' title='bbox 302 1124 505 1175; x_wconf 59' lang='lat' dir='ltr'><strong>baptiste7</strong></span> <span class='ocrx_word' id='word_1_119' title='bbox 547 1123 760 1162; x_wconf 88' lang='lat' dir='ltr'><strong>beatorum</strong></span> <span class='ocrx_word' id='word_1_120' title='bbox 801 1122 916 1162; x_wconf 85' lang='lat' dir='ltr'><strong>Petri</strong></span> <span class='ocrx_word' id='word_1_121' title='bbox 951 1126 991 1162; x_wconf 85' lang='lat' dir='ltr'><strong>et</strong></span> <span class='ocrx_word' id='word_1_122' title='bbox 1023 1116 1143 1161; x_wconf 88' lang='lat' dir='ltr'><strong>Pauli</strong></span> <span class='ocrx_word' id='word_1_123' title='bbox 1176 1122 1431 1173; x_wconf 88' lang='lat' dir='ltr'><strong>aliorumque</strong></span> <span class='ocrx_word' id='word_1_124' title='bbox 1473 1123 1645 1161; x_wconf 85' lang='lat' dir='ltr'><strong>omnium</strong></span> <span class='ocrx_word' id='word_1_125' title='bbox 1687 1122 1979 1173; x_wconf 61' lang='lat' dir='ltr'><strong>apostolorum.</strong></span> 
     </span>
     <span class='ocr_line' id='line_1_15' title="bbox 121 1188 1981 1244; baseline -0.001 -14"><span class='ocrx_word' id='word_1_126' title='bbox 121 1193 255 1231; x_wconf 87' lang='lat' dir='ltr'><strong>sancti</strong></span> <span class='ocrx_word' id='word_1_127' title='bbox 287 1191 463 1241; x_wconf 68' lang='lat' dir='ltr'><strong>Nycolai</strong></span> <span class='ocrx_word' id='word_1_128' title='bbox 498 1196 538 1231; x_wconf 86' lang='lat' dir='ltr'><strong>et</strong></span> <span class='ocrx_word' id='word_1_129' title='bbox 570 1192 693 1231; x_wconf 86' lang='lat' dir='ltr'><strong>beate</strong></span> <span class='ocrx_word' id='word_1_130' title='bbox 725 1191 930 1230; x_wconf 83' lang='lat' dir='ltr'><strong>Katerine</strong></span> <span class='ocrx_word' id='word_1_131' title='bbox 971 1191 1153 1244; x_wconf 77' lang='lat' dir='ltr'><strong>virginis</strong></span> <span class='ocrx_word' id='word_1_132' title='bbox 1186 1196 1472 1243; x_wconf 59' lang='lat' dir='ltr'><strong>patronorum7</strong></span> <span class='ocrx_word' id='word_1_133' title='bbox 1516 1195 1555 1230; x_wconf 88' lang='lat' dir='ltr'><strong>et</strong></span> <span class='ocrx_word' id='word_1_134' title='bbox 1593 1191 1632 1229; x_wconf 87' lang='lat' dir='ltr'><strong>in</strong></span> <span class='ocrx_word' id='word_1_135' title='bbox 1665 1188 1773 1230; x_wconf 83' lang='lat' dir='ltr'><strong>sesto</strong></span> <span class='ocrx_word' id='word_1_136' title='bbox 1807 1191 1981 1229; x_wconf 88' lang='lat' dir='ltr'><strong>omnium</strong></span> 
     </span>
     <span class='ocr_line' id='line_1_16' title="bbox 122 1259 1979 1310; baseline -0.001 -11"><span class='ocrx_word' id='word_1_137' title='bbox 122 1263 379 1303; x_wconf 77' lang='lat' dir='ltr'><strong>sanctorum.</strong></span> <span class='ocrx_word' id='word_1_138' title='bbox 424 1263 464 1299; x_wconf 89' lang='lat' dir='ltr'><strong>et</strong></span> <span class='ocrx_word' id='word_1_139' title='bbox 498 1260 538 1297; x_wconf 91' lang='lat' dir='ltr'><strong>in</strong></span> <span class='ocrx_word' id='word_1_140' title='bbox 571 1260 871 1299; x_wconf 87' lang='lat' dir='ltr'><strong>anniuersariis</strong></span> <span class='ocrx_word' id='word_1_141' title='bbox 905 1259 1176 1298; x_wconf 80' lang='lat' dir='ltr'><strong>dedicationis</strong></span> <span class='ocrx_word' id='word_1_142' title='bbox 1219 1259 1348 1310; x_wconf 88' lang='lat' dir='ltr'><strong>ipsius</strong></span> <span class='ocrx_word' id='word_1_143' title='bbox 1381 1259 1543 1310; x_wconf 85' lang='lat' dir='ltr'><strong>capelle</strong></span> <span class='ocrx_word' id='word_1_144' title='bbox 1585 1264 1625 1298; x_wconf 86' lang='lat' dir='ltr'><strong>et</strong></span> <span class='ocrx_word' id='word_1_145' title='bbox 1663 1259 1850 1297; x_wconf 90' lang='lat' dir='ltr'><strong>altarium</strong></span> <span class='ocrx_word' id='word_1_146' title='bbox 1885 1260 1979 1298; x_wconf 78' lang='lat' dir='ltr'><strong>exi-</strong></span> 
     </span>
     <span class='ocr_line' id='line_1_17' title="bbox 122 1325 1980 1380; baseline 0 -14"><span class='ocrx_word' id='word_1_147' title='bbox 122 1329 324 1367; x_wconf 87' lang='lat' dir='ltr'><strong>stencium</strong></span> <span class='ocrx_word' id='word_1_148' title='bbox 356 1328 396 1366; x_wconf 90' lang='lat' dir='ltr'><strong>in</strong></span> <span class='ocrx_word' id='word_1_149' title='bbox 431 1327 589 1367; x_wconf 84' lang='lat' dir='ltr'><strong>eadem.</strong></span> <span class='ocrx_word' id='word_1_150' title='bbox 624 1332 663 1367; x_wconf 89' lang='lat' dir='ltr'><strong>et</strong></span> <span class='ocrx_word' id='word_1_151' title='bbox 698 1339 772 1378; x_wconf 91' lang='lat' dir='ltr'><strong>per</strong></span> <span class='ocrx_word' id='word_1_152' title='bbox 805 1332 895 1366; x_wconf 83' lang='lat' dir='ltr'><strong>octo</strong></span> <span class='ocrx_word' id='word_1_153' title='bbox 930 1327 1018 1366; x_wconf 87' lang='lat' dir='ltr'><strong>dies</strong></span> <span class='ocrx_word' id='word_1_154' title='bbox 1043 1327 1229 1378; x_wconf 88' lang='lat' dir='ltr'><strong>predicta</strong></span> <span class='ocrx_word' id='word_1_155' title='bbox 1263 1325 1371 1366; x_wconf 88' lang='lat' dir='ltr'><strong>festa</strong></span> <span class='ocrx_word' id='word_1_156' title='bbox 1402 1326 1630 1367; x_wconf 87' lang='lat' dir='ltr'><strong>immediate</strong></span> <span class='ocrx_word' id='word_1_157' title='bbox 1663 1331 1905 1380; x_wconf 67' lang='lat' dir='ltr'><strong>sequenteS.</strong></span> <span class='ocrx_word' id='word_1_158' title='bbox 1940 1332 1980 1367; x_wconf 86' lang='lat' dir='ltr'><strong>et</strong></span> 
     </span>
     <span class='ocr_line' id='line_1_18' title="bbox 122 1394 1979 1449; baseline 0.001 -15"><span class='ocrx_word' id='word_1_159' title='bbox 122 1396 305 1449; x_wconf 81' lang='lat' dir='ltr'><strong>singulis</strong></span> <span class='ocrx_word' id='word_1_160' title='bbox 339 1397 497 1447; x_wconf 87' lang='lat' dir='ltr'><strong>quartis</strong></span> <span class='ocrx_word' id='word_1_161' title='bbox 530 1394 670 1448; x_wconf 70' lang='lat' dir='ltr'><strong>seriis7</strong></span> <span class='ocrx_word' id='word_1_162' title='bbox 712 1408 841 1435; x_wconf 84' lang='lat' dir='ltr'><strong>causa</strong></span> <span class='ocrx_word' id='word_1_163' title='bbox 875 1395 1114 1436; x_wconf 84' lang='lat' dir='ltr'><strong>deuocionis</strong></span> <span class='ocrx_word' id='word_1_164' title='bbox 1147 1396 1422 1447; x_wconf 60' lang='lat' dir='ltr'><strong>accesserint.</strong></span> <span class='ocrx_word' id='word_1_165' title='bbox 1463 1400 1534 1434; x_wconf 82' lang='lat' dir='ltr'><strong>aut</strong></span> <span class='ocrx_word' id='word_1_166' title='bbox 1567 1396 1635 1447; x_wconf 87' lang='lat' dir='ltr'><strong>qui</strong></span> <span class='ocrx_word' id='word_1_167' title='bbox 1669 1396 1871 1446; x_wconf 87' lang='lat' dir='ltr'><strong>prelibate</strong></span> <span class='ocrx_word' id='word_1_168' title='bbox 1904 1408 1979 1435; x_wconf 83' lang='lat' dir='ltr'><strong>ca-</strong></span> 
     </span>
     <span class='ocr_line' id='line_1_19' title="bbox 122 1463 1978 1516; baseline 0 -13"><span class='ocrx_word' id='word_1_169' title='bbox 122 1464 231 1516; x_wconf 89' lang='lat' dir='ltr'><strong>pelle</strong></span> <span class='ocrx_word' id='word_1_170' title='bbox 273 1476 346 1515; x_wconf 88' lang='lat' dir='ltr'><strong>pro</strong></span> <span class='ocrx_word' id='word_1_171' title='bbox 393 1476 469 1503; x_wconf 90' lang='lat' dir='ltr'><strong>sua</strong></span> <span class='ocrx_word' id='word_1_172' title='bbox 510 1463 669 1503; x_wconf 85' lang='lat' dir='ltr'><strong>fabrica</strong></span> <span class='ocrx_word' id='word_1_173' title='bbox 708 1464 776 1504; x_wconf 89' lang='lat' dir='ltr'><strong>uel</strong></span> <span class='ocrx_word' id='word_1_174' title='bbox 818 1468 1027 1503; x_wconf 75' lang='lat' dir='ltr'><strong>structura</strong></span> <span class='ocrx_word' id='word_1_175' title='bbox 1068 1464 1334 1502; x_wconf 90' lang='lat' dir='ltr'><strong>luminaribus</strong></span> <span class='ocrx_word' id='word_1_176' title='bbox 1376 1464 1626 1503; x_wconf 88' lang='lat' dir='ltr'><strong>ornamentis</strong></span> <span class='ocrx_word' id='word_1_177' title='bbox 1668 1464 1737 1503; x_wconf 83' lang='lat' dir='ltr'><strong>vel</strong></span> <span class='ocrx_word' id='word_1_178' title='bbox 1772 1476 1844 1515; x_wconf 88' lang='lat' dir='ltr'><strong>pro</strong></span> <span class='ocrx_word' id='word_1_179' title='bbox 1886 1465 1978 1504; x_wconf 88' lang='lat' dir='ltr'><strong>aliis</strong></span> 
     </span>
     <span class='ocr_line' id='line_1_20' title="bbox 122 1532 1977 1585; baseline 0.001 -14"><span class='ocrx_word' id='word_1_180' title='bbox 122 1533 211 1571; x_wconf 87' lang='lat' dir='ltr'><strong>suis</strong></span> <span class='ocrx_word' id='word_1_181' title='bbox 244 1533 500 1572; x_wconf 89' lang='lat' dir='ltr'><strong>necessariis</strong></span> <span class='ocrx_word' id='word_1_182' title='bbox 532 1544 676 1571; x_wconf 90' lang='lat' dir='ltr'><strong>manus</strong></span> <span class='ocrx_word' id='word_1_183' title='bbox 708 1534 973 1583; x_wconf 84' lang='lat' dir='ltr'><strong>porrexerint</strong></span> <span class='ocrx_word' id='word_1_184' title='bbox 1005 1532 1253 1585; x_wconf 72' lang='lat' dir='ltr'><strong>adiutrices7</strong></span> <span class='ocrx_word' id='word_1_185' title='bbox 1303 1544 1379 1572; x_wconf 90' lang='lat' dir='ltr'><strong>seu</strong></span> <span class='ocrx_word' id='word_1_186' title='bbox 1427 1533 1465 1570; x_wconf 91' lang='lat' dir='ltr'><strong>in</strong></span> <span class='ocrx_word' id='word_1_187' title='bbox 1508 1533 1704 1572; x_wconf 82' lang='lat' dir='ltr'><strong>extremis</strong></span> <span class='ocrx_word' id='word_1_188' title='bbox 1738 1533 1977 1573; x_wconf 87' lang='lat' dir='ltr'><strong>laborantes</strong></span> 
     </span>
     <span class='ocr_line' id='line_1_21' title="bbox 125 1599 1977 1654; baseline 0.001 -15"><span class='ocrx_word' id='word_1_189' title='bbox 125 1601 344 1652; x_wconf 88' lang='lat' dir='ltr'><strong>quicquam</strong></span> <span class='ocrx_word' id='word_1_190' title='bbox 377 1612 542 1639; x_wconf 89' lang='lat' dir='ltr'><strong>suarum</strong></span> <span class='ocrx_word' id='word_1_191' title='bbox 575 1601 816 1654; x_wconf 79' lang='lat' dir='ltr'><strong>legaueriilt</strong></span> <span class='ocrx_word' id='word_1_192' title='bbox 849 1599 1097 1640; x_wconf 77' lang='lat' dir='ltr'><strong>facultatem.</strong></span> <span class='ocrx_word' id='word_1_193' title='bbox 1171 1600 1259 1639; x_wconf 87' lang='lat' dir='ltr'><strong>Nos</strong></span> <span class='ocrx_word' id='word_1_194' title='bbox 1302 1600 1353 1640; x_wconf 91' lang='lat' dir='ltr'><strong>de</strong></span> <span class='ocrx_word' id='word_1_195' title='bbox 1387 1601 1672 1651; x_wconf 87' lang='lat' dir='ltr'><strong>omnipotentis</strong></span> <span class='ocrx_word' id='word_1_196' title='bbox 1715 1601 1781 1640; x_wconf 89' lang='lat' dir='ltr'><strong>dei</strong></span> <span class='ocrx_word' id='word_1_197' title='bbox 1814 1602 1977 1641; x_wconf 88' lang='lat' dir='ltr'><strong>miseri-</strong></span> 
     </span>
     <span class='ocr_line' id='line_1_22' title="bbox 122 1667 1977 1720; baseline 0.001 -13"><span class='ocrx_word' id='word_1_198' title='bbox 122 1668 264 1709; x_wconf 87' lang='lat' dir='ltr'><strong>cordia</strong></span> <span class='ocrx_word' id='word_1_199' title='bbox 296 1673 337 1708; x_wconf 88' lang='lat' dir='ltr'><strong>et</strong></span> <span class='ocrx_word' id='word_1_200' title='bbox 369 1669 579 1709; x_wconf 88' lang='lat' dir='ltr'><strong>beatorum</strong></span> <span class='ocrx_word' id='word_1_201' title='bbox 614 1669 728 1709; x_wconf 89' lang='lat' dir='ltr'><strong>Petri</strong></span> <span class='ocrx_word' id='word_1_202' title='bbox 762 1674 803 1709; x_wconf 86' lang='lat' dir='ltr'><strong>et</strong></span> <span class='ocrx_word' id='word_1_203' title='bbox 835 1669 954 1708; x_wconf 89' lang='lat' dir='ltr'><strong>Pauli</strong></span> <span class='ocrx_word' id='word_1_204' title='bbox 987 1669 1262 1720; x_wconf 88' lang='lat' dir='ltr'><strong>apostolorum</strong></span> <span class='ocrx_word' id='word_1_205' title='bbox 1296 1670 1386 1708; x_wconf 89' lang='lat' dir='ltr'><strong>eius</strong></span> <span class='ocrx_word' id='word_1_206' title='bbox 1420 1670 1664 1709; x_wconf 89' lang='lat' dir='ltr'><strong>auctoritate</strong></span> <span class='ocrx_word' id='word_1_207' title='bbox 1697 1667 1853 1715; x_wconf 63' lang='lat' dir='ltr'><strong>confisi.</strong></span> <span class='ocrx_word' id='word_1_208' title='bbox 1887 1671 1977 1709; x_wconf 91' lang='lat' dir='ltr'><strong>sin-</strong></span> 
     </span>
     <span class='ocr_line' id='line_1_23' title="bbox 123 1736 1976 1791; baseline 0.002 -17"><span class='ocrx_word' id='word_1_209' title='bbox 123 1737 213 1789; x_wconf 83' lang='lat' dir='ltr'><strong>guli</strong></span> <span class='ocrx_word' id='word_1_210' title='bbox 246 1737 440 1791; x_wconf 77' lang='lat' dir='ltr'><strong>singulas</strong></span> <span class='ocrx_word' id='word_1_211' title='bbox 473 1736 627 1776; x_wconf 89' lang='lat' dir='ltr'><strong>dierum</strong></span> <span class='ocrx_word' id='word_1_212' title='bbox 662 1737 985 1790; x_wconf 67' lang='lat' dir='ltr'><strong>quadragenas7</strong></span> <span class='ocrx_word' id='word_1_213' title='bbox 1032 1737 1084 1777; x_wconf 90' lang='lat' dir='ltr'><strong>de</strong></span> <span class='ocrx_word' id='word_1_214' title='bbox 1118 1738 1308 1776; x_wconf 85' lang='lat' dir='ltr'><strong>iniunctis</strong></span> <span class='ocrx_word' id='word_1_215' title='bbox 1342 1738 1421 1776; x_wconf 87' lang='lat' dir='ltr'><strong>sibi</strong></span> <span class='ocrx_word' id='word_1_216' title='bbox 1453 1739 1721 1788; x_wconf 77' lang='lat' dir='ltr'><strong>penitenciis.</strong></span> <span class='ocrx_word' id='word_1_217' title='bbox 1765 1738 1976 1778; x_wconf 87' lang='lat' dir='ltr'><strong>dummodo</strong></span> 
     </span>
     <span class='ocr_line' id='line_1_24' title="bbox 123 1804 1975 1858; baseline 0.002 -16"><span class='ocrx_word' id='word_1_218' title='bbox 123 1815 354 1843; x_wconf 90' lang='lat' dir='ltr'><strong>consensus</strong></span> <span class='ocrx_word' id='word_1_219' title='bbox 396 1804 623 1854; x_wconf 71' lang='lat' dir='ltr'><strong>dyocesani</strong></span> <span class='ocrx_word' id='word_1_220' title='bbox 655 1805 705 1843; x_wconf 92' lang='lat' dir='ltr'><strong>ad</strong></span> <span class='ocrx_word' id='word_1_221' title='bbox 742 1805 782 1843; x_wconf 90' lang='lat' dir='ltr'><strong>id</strong></span> <span class='ocrx_word' id='word_1_222' title='bbox 815 1806 1068 1858; x_wconf 58' lang='lat' dir='ltr'><strong>accesserit.</strong></span> <span class='ocrx_word' id='word_1_223' title='bbox 1101 1807 1141 1844; x_wconf 92' lang='lat' dir='ltr'><strong>in</strong></span> <span class='ocrx_word' id='word_1_224' title='bbox 1175 1805 1334 1844; x_wconf 87' lang='lat' dir='ltr'><strong>domino</strong></span> <span class='ocrx_word' id='word_1_225' title='bbox 1371 1806 1693 1846; x_wconf 83' lang='lat' dir='ltr'><strong>misericorditer</strong></span> <span class='ocrx_word' id='word_1_226' title='bbox 1726 1806 1975 1846; x_wconf 81' lang='lat' dir='ltr'><strong>relaxamus.</strong></span> 
     </span>
     <span class='ocr_line' id='line_1_25' title="bbox 123 1870 1976 1927; baseline 0.003 -18"><span class='ocrx_word' id='word_1_227' title='bbox 123 1870 172 1909; x_wconf 92' lang='lat' dir='ltr'><strong>ln</strong></span> <span class='ocrx_word' id='word_1_228' title='bbox 213 1872 329 1910; x_wconf 83' lang='lat' dir='ltr'><strong>cuius</strong></span> <span class='ocrx_word' id='word_1_229' title='bbox 371 1874 432 1911; x_wconf 88' lang='lat' dir='ltr'><strong>rei</strong></span> <span class='ocrx_word' id='word_1_230' title='bbox 472 1874 741 1912; x_wconf 85' lang='lat' dir='ltr'><strong>testimonium</strong></span> <span class='ocrx_word' id='word_1_231' title='bbox 776 1886 952 1923; x_wconf 87' lang='lat' dir='ltr'><strong>presens</strong></span> <span class='ocrx_word' id='word_1_232' title='bbox 986 1875 1179 1924; x_wconf 85' lang='lat' dir='ltr'><strong>scriptum</strong></span> <span class='ocrx_word' id='word_1_233' title='bbox 1214 1874 1444 1927; x_wconf 76' lang='lat' dir='ltr'><strong>sigillorum</strong></span> <span class='ocrx_word' id='word_1_234' title='bbox 1486 1879 1717 1913; x_wconf 87' lang='lat' dir='ltr'><strong>nostrorum</strong></span> <span class='ocrx_word' id='word_1_235' title='bbox 1758 1876 1976 1915; x_wconf 90' lang='lat' dir='ltr'><strong>munimine</strong></span> 
     </span>
     <span class='ocr_line' id='line_1_26' title="bbox 124 1938 1973 1994; baseline 0.003 -17"><span class='ocrx_word' id='word_1_236' title='bbox 124 1938 312 1977; x_wconf 64' lang='lat' dir='ltr'><strong>duximus</strong></span> <span class='ocrx_word' id='word_1_237' title='bbox 345 1940 629 1979; x_wconf 88' lang='lat' dir='ltr'><strong>roborandum.</strong></span> <span class='ocrx_word' id='word_1_238' title='bbox 694 1940 843 1979; x_wconf 85' lang='lat' dir='ltr'><strong>Datum</strong></span> <span class='ocrx_word' id='word_1_239' title='bbox 877 1942 1005 1980; x_wconf 80' lang='lat' dir='ltr'><strong>Rome</strong></span> <span class='ocrx_word' id='word_1_240' title='bbox 1037 1942 1145 1991; x_wconf 69' lang='lat' dir='ltr'><strong>ydus</strong></span> <span class='ocrx_word' id='word_1_241' title='bbox 1178 1942 1342 1994; x_wconf 68' lang='lat' dir='ltr'><strong>Marcii7</strong></span> <span class='ocrx_word' id='word_1_242' title='bbox 1375 1943 1498 1981; x_wconf 79' lang='lat' dir='ltr'><strong>Anno</strong></span> <span class='ocrx_word' id='word_1_243' title='bbox 1533 1943 1681 1982; x_wconf 90' lang='lat' dir='ltr'><strong>domini</strong></span> <span class='ocrx_word' id='word_1_244' title='bbox 1713 1943 1773 1981; x_wconf 69' lang='lat' dir='ltr'><strong>M.</strong></span> <span class='ocrx_word' id='word_1_245' title='bbox 1809 1941 1898 1983; x_wconf 84' lang='lat' dir='ltr'><strong>CC.</strong></span> <span class='ocrx_word' id='word_1_246' title='bbox 1923 1944 1973 1983; x_wconf 70' lang='lat'><strong>1..</strong></span> 
     </span>
     <span class='ocr_line' id='line_1_27' title="bbox 122 2007 1822 2062; baseline 0.002 -15"><span class='ocrx_word' id='word_1_247' title='bbox 122 2007 300 2047; x_wconf 86' lang='lat' dir='ltr'><strong>XXXX.</strong></span> <span class='ocrx_word' id='word_1_248' title='bbox 334 2009 486 2059; x_wconf 86' lang='lat' dir='ltr'><strong>quinto.</strong></span> <span class='ocrx_word' id='word_1_249' title='bbox 522 2007 786 2047; x_wconf 81' lang='lat' dir='ltr'><strong>l&#39;ontilicatus</strong></span> <span class='ocrx_word' id='word_1_250' title='bbox 821 2008 965 2047; x_wconf 89' lang='lat' dir='ltr'><strong>domini</strong></span> <span class='ocrx_word' id='word_1_251' title='bbox 1001 2008 1201 2048; x_wconf 83' lang='lat' dir='ltr'><strong>Bonisacii</strong></span> <span class='ocrx_word' id='word_1_252' title='bbox 1235 2022 1341 2060; x_wconf 88' lang='lat' dir='ltr'><strong>pape</strong></span> <span class='ocrx_word' id='word_1_253' title='bbox 1374 2012 1508 2049; x_wconf 78' lang='lat' dir='ltr'><strong>octaui</strong></span> <span class='ocrx_word' id='word_1_254' title='bbox 1542 2023 1648 2049; x_wconf 87' lang='lat' dir='ltr'><strong>anno</strong></span> <span class='ocrx_word' id='word_1_255' title='bbox 1682 2012 1822 2062; x_wconf 91' lang='lat' dir='ltr'><strong>primo.</strong></span> 
     </span>
    </p>

    <p class='ocr_par' dir='ltr' id='par_1_3' title="bbox 122 2076 1972 2184">
     <span class='ocr_line' id='line_1_28' title="bbox 223 2076 1972 2133; baseline 0.003 -19"><span class='ocrx_word' id='word_1_256' title='bbox 223 2076 311 2115; x_wconf 88' lang='lat' dir='ltr'><strong>Nos</strong></span> <span class='ocrx_word' id='word_1_257' title='bbox 345 2076 632 2115; x_wconf 73' lang='lat' dir='ltr'><strong>Theodericus</strong></span> <span class='ocrx_word' id='word_1_258' title='bbox 666 2077 898 2127; x_wconf 80' lang='lat' dir='ltr'><strong>Episcopus</strong></span> <span class='ocrx_word' id='word_1_259' title='bbox 932 2077 1216 2116; x_wconf 76' lang='lat' dir='ltr'><strong>olomucensis</strong></span> <span class='ocrx_word' id='word_1_260' title='bbox 1250 2078 1325 2117; x_wconf 89' lang='lat' dir='ltr'><strong>has</strong></span> <span class='ocrx_word' id='word_1_261' title='bbox 1359 2078 1652 2133; x_wconf 79' lang='lat' dir='ltr'><strong>indulgencias</strong></span> <span class='ocrx_word' id='word_1_262' title='bbox 1692 2085 1804 2118; x_wconf 86' lang='lat' dir='ltr'><strong>ratas</strong></span> <span class='ocrx_word' id='word_1_263' title='bbox 1838 2079 1972 2120; x_wconf 90' lang='lat' dir='ltr'><strong>habe-</strong></span> 
     </span>
     <span class='ocr_line' id='line_1_29' title="bbox 122 2144 1004 2184; baseline 0.001 -2"><span class='ocrx_word' id='word_1_264' title='bbox 122 2156 210 2183; x_wconf 86' lang='lat' dir='ltr'><strong>mus</strong></span> <span class='ocrx_word' id='word_1_265' title='bbox 245 2144 296 2183; x_wconf 91' lang='lat' dir='ltr'><strong>de</strong></span> <span class='ocrx_word' id='word_1_266' title='bbox 328 2150 468 2183; x_wconf 85' lang='lat' dir='ltr'><strong>nostro</strong></span> <span class='ocrx_word' id='word_1_267' title='bbox 502 2144 756 2184; x_wconf 82' lang='lat' dir='ltr'><strong>addicientes</strong></span> <span class='ocrx_word' id='word_1_268' title='bbox 791 2145 880 2184; x_wconf 80' lang='lat' dir='ltr'><strong>dies</strong></span> <span class='ocrx_word' id='word_1_269' title='bbox 912 2146 1004 2184; x_wconf 77' lang='lat' dir='ltr'><strong>xl..</strong></span> 
     </span>
    </p>
   </div>
   <div class='ocr_carea' id='block_1_3' title="bbox 431 2265 1460 2305">
    <p class='ocr_par' dir='ltr' id='par_1_4' title="bbox 431 2265 1460 2305">
     <span class='ocr_line' id='line_1_30' title="bbox 431 2265 1460 2305; baseline 0.003 -10"><span class='ocrx_word' id='word_1_270' title='bbox 431 2265 482 2295; x_wconf 78' lang='lat' dir='ltr'><strong>Ex</strong></span> <span class='ocrx_word' id='word_1_271' title='bbox 509 2266 659 2305; x_wconf 62' lang='lat' dir='ltr'><strong>originali</strong></span> <span class='ocrx_word' id='word_1_272' title='bbox 685 2267 715 2296; x_wconf 90' lang='grc'><strong>111</strong></span> <span class='ocrx_word' id='word_1_273' title='bbox 740 2265 875 2296; x_wconf 70' lang='lat' dir='ltr'><strong>archivo</strong></span> <span class='ocrx_word' id='word_1_274' title='bbox 901 2267 1013 2297; x_wconf 84' lang='lat' dir='ltr'><strong>curiae</strong></span> <span class='ocrx_word' id='word_1_275' title='bbox 1038 2267 1139 2297; x_wconf 82' lang='lat' dir='ltr'><strong>Brun.</strong></span> <span class='ocrx_word' id='word_1_276' title='bbox 1166 2266 1188 2296; x_wconf 85' lang='lat' dir='ltr'><strong>s.</strong></span> <span class='ocrx_word' id='word_1_277' title='bbox 1212 2266 1253 2297; x_wconf 75' lang='lat' dir='ltr'><strong>N.</strong></span> <span class='ocrx_word' id='word_1_278' title='bbox 1272 2266 1349 2297; x_wconf 74' lang='lat' dir='ltr'><strong>Xll.</strong></span> <span class='ocrx_word' id='word_1_279' title='bbox 1374 2277 1404 2298; x_wconf 90' lang='lat' dir='ltr'><strong>n.</strong></span> <span class='ocrx_word' id='word_1_280' title='bbox 1428 2266 1460 2298; x_wconf 76' lang='grc'><strong>1.</strong></span> 
     </span>
    </p>
   </div>
  </div>
 </body>
</html>
