2217 2829
1018 112 1119 152 239

986 288 1170 330 xxvn.

143 406 407 459 Stephanus,
440 405 567 444 abbas
599 404 826 453 lacensis,
859 400 1015 441 decidit
1048 400 1163 439 litem
1196 400 1308 438 inter
1340 397 1645 436 monasteriam
1673 395 2003 435 Brewnowense

144 478 185 514 et
214 476 376 528 fratres
407 472 627 526 hospitalis
660 472 831 522 Prayae
861 482 995 522 prope
1020 470 1207 521 pontem.
1271 466 1372 505 Dto.
1397 465 1620 516 Znoymae
1648 464 1762 516 feria
1795 462 1868 503 VJ.
1903 464 2003 501 ante

816 539 927 578 diem
959 538 1140 577 Luciae.
1190 535 1333 574 1255.

319 650 373 701 ln
404 661 565 701 nomine
598 659 747 699 domini
777 658 926 699 Amen.
989 656 1121 696 Nobis
1153 654 1369 707 Stephano
1410 653 1579 692 Abbate
1621 651 1673 692 de
1705 651 1824 691 Luca
1865 650 2004 702 presi-

147 731 272 770 dente
300 729 454 781 judicio
487 730 527 768 in
560 729 742 768 claustro
779 726 939 767 Trebez
971 727 1011 765 in
1045 736 1173 764 causa
1207 735 1288 775 que
1320 723 1497 762 uertitur
1538 722 1646 760 inter
1678 719 1879 760 dominum
1911 718 2006 758 Ab-

146 799 282 838 batem
315 798 367 837 de
400 798 646 849 Brevnovv7
679 808 733 836 ex
766 799 885 847 parte
916 807 999 834 una
1032 799 1073 834 et
1096 793 1341 847 magistrum
1375 790 1518 830 domus
1542 789 1757 840 hospitalis
1790 789 1833 827 in
1859 787 2006 841 Praga

146 878 276 918 prope
308 870 472 918 pontem
505 877 559 906 ex
591 866 747 915 altera7
791 862 924 903 frater
960 863 1014 902 H.
1048 861 1190 901 domus
1232 859 1415 900 eiusdem
1457 857 1783 910 procuratorium
1821 855 2008 896 exhibuit

147 936 188 974 in
221 934 300 974 hec
331 935 475 974 uerba.
540 935 691 974 Frater
723 933 777 972 H.
811 933 908 971 licet
940 930 1140 985 indignus
1172 929 1378 983 magister
1416 927 1558 967 domus
1599 925 1817 976 hospitalis
1849 923 2009 964 Sancte

147 1003 359 1043 Marie‘in
392 1014 530 1056 praga
561 1003 676 1041 iuxta
709 1004 884 1053 pontem.
940 999 1164 1039 Vniuersis
1197 1000 1418 1049 presentes
1451 996 1612 1034 litteras
1635 993 1900 1045 inspecturis.
1934 1004 2009 1031 sa-

149 1072 273 1111 lutem
305 1071 346 1109 in
379 1082 429 1110 eo
463 1071 531 1122 qui
564 1075 629 1110 est
661 1070 776 1109 salus
810 1067 985 1107 fidelium
1016 1079 1132 1106 uera.
1195 1065 1406 1106 Noueritis
1431 1063 1540 1116 quod
1573 1075 1664 1102 cum
1689 1073 1775 1116 ego
1800 1062 1876 1100 sim
1900 1072 2009 1115 gra-

149 1139 272 1179 uibus
304 1140 498 1193 negociis
531 1138 784 1190 prepeditus.
818 1135 987 1176 fratrem
1020 1136 1072 1174 H.
1106 1133 1367 1174 sacerdotem
1392 1130 1642 1172 confratrem
1674 1142 1806 1170 meum
1838 1130 2012 1169 latorem

150 1208 423 1259 presencium.
457 1208 498 1246 in
531 1208 669 1246 causis
703 1218 807 1258 quas
840 1205 891 1244 ad
924 1216 1101 1256 presens
1133 1203 1269 1242 habeo
1302 1206 1448 1241 contra
1482 1210 1762 1252 quoscumque
1794 1198 2012 1238 habiturus

153 1288 263 1328 sum7
309 1280 617 1327 procuratorem
651 1286 779 1314 meum
814 1279 855 1313 et
888 1273 1057 1313 fratrum
1091 1283 1269 1311 meorum
1308 1270 1527 1321 constituo,
1576 1267 1680 1307 dans
1721 1267 1800 1306 sibi
1841 1266 2013 1306 liberam

152 1348 398 1396 potestatem
430 1344 482 1383 ad
515 1343 739 1398 agendum.
774 1348 813 1382 et
847 1340 1193 1393 respondendum7
1226 1340 1335 1378 litem
1359 1336 1685 1388 contestandam7
1720 1339 1761 1375 et
1793 1335 1847 1374 ad
1879 1335 2013 1374 omnia

152 1413 234 1451 alia
266 1411 473 1465 facienda.
507 1412 615 1463 quod
648 1412 742 1450 mihi
777 1416 817 1451 et
850 1410 1047 1449 fratribus
1079 1410 1180 1448 meis
1214 1408 1377 1446 nouerit
1402 1405 1615 1457 expedire.
1680 1404 1879 1443 Exhibito
1912 1415 2013 1455 pro-

152 1481 358 1520 curatorio
392 1480 498 1520 idem
531 1485 774 1531 procurator
806 1479 949 1530 petiuit
982 1477 1186 1516 humiliter
1219 1481 1260 1515 et
1284 1475 1531 1527 supplicauit
1563 1475 1781 1525 instanter,
1814 1476 1859 1511 ut
1886 1484 2014 1523 prop-

152 1552 217 1589 ter
249 1547 454 1588 defectum
487 1548 675 1588 aduocati
710 1561 759 1588 ac
793 1548 965 1588 consilii.
1001 1547 1271 1600 dignaremur
1304 1544 1527 1598 negocium
1560 1542 1613 1581 ad
1647 1542 1768 1581 alium
1801 1541 2016 1580 terminum

154 1629 402 1672 prorogare.
436 1618 544 1669 quod
578 1623 620 1657 et
652 1616 838 1660 fecimus.
872 1616 1058 1667 partibus
1082 1615 1158 1653 Vl.
1192 1612 1337 1653 feriam
1370 1618 1466 1651 ante
1494 1611 1627 1650 Lucie
1652 1610 1891 1662 proximam.
1925 1612 2016 1648 ter-

155 1687 301 1725 minum
335 1688 650 1737 peremptorium
685 1687 723 1724 in
757 1685 887 1724 Znom
921 1683 1205 1738 assignando.
1247 1682 1364 1721 saluo
1398 1682 1487 1720 iure
1521 1680 1703 1731 parcium
1738 1682 1930 1731 quantum
1965 1676 2017 1716 ad

156 1755 233 1793 iam
267 1756 475 1806 proposita
509 1754 604 1793 hinc
638 1760 678 1794 et
712 1754 820 1792 inde.
885 1754 994 1792 Acta
1028 1756 1121 1791 sunt
1146 1752 1224 1791 hec
1249 1749 1435 1790 secunda
1469 1747 1574 1789 seria
1607 1751 1699 1800 post
1722 1746 1872 1786 festum
1895 1745 2018 1785 Mar-

155 1824 228 1862 tini
261 1824 444 1874 episcopi
479 1824 677 1874 proxima.
743 1822 843 1861 Item
879 1821 1155 1861 existentibus
1188 1820 1307 1858 nobis
1341 1818 1485 1857 Znom.
1526 1817 1603 1856 Vl.
1638 1815 1743 1856 seria
1783 1819 1880 1855 ante
1914 1814 2018 1854 diem

157 1891 289 1931 Lucie
326 1892 533 1943 proxima.
581 1892 619 1930 in
661 1891 841 1930 ccclesia
878 1891 991 1929 beati
1031 1889 1215 1939 Nicolai.
1263 1887 1489 1938 comparuit
1530 1898 1666 1925 coram
1706 1884 1824 1923 nobis
1857 1884 2019 1923 Boreas

157 1959 381 2000 monachus
424 1965 666 2012 procurator
708 1960 899 1998 Abbatis.
943 1962 984 1998 et
1017 1957 1263 1997 Monasterii
1299 1955 1351 1995 de
1385 1956 1630 2005 brevnovv7
1673 1965 1727 1992 ex
1770 1955 1887 2003 parte
1921 1963 2018 2003 vna7

158 2033 200 2068 et
232 2027 362 2068 frater
395 2029 605 2068 heinricus
639 2040 692 2068 ex
727 2032 843 2079 parte
876 2027 1064 2080 magistri
1100 2025 1314 2076 hospitaiis
1357 2028 1397 2063 et
1431 2022 1602 2062 fratrum
1637 2023 1676 2060 in
1712 2022 1858 2074 Praga
1891 2030 2019 2071 prope

160 2102 319 2149 pontem
354 2110 408 2137 ex
441 2098 586 2137 altera.
621 2098 764 2148 petiuit
798 2100 1039 2148 procurator
1074 2094 1125 2133 dc
1159 2094 1362 2144 brevnov.
1398 2091 1579 2131 decimas
1608 2091 1725 2129 trium
1758 2089 1945 2128 uillarum
1980 2089 2020 2127 in

161 2166 517 2205 Luthomericensi
543 2167 754 2218 prouincia
780 2167 963 2206 sitarum.
988 2164 1160 2202 scilicet.
1199 2162 1447 2201 i’lozconici.
1480 2159 1764 2211 Stanchouici7
1799 2162 1840 2197 et
1863 2157 2020 2209 Mihce7

161 2246 333 2286 quarum
364 2236 549 2274 uillarum
585 2236 745 2274 nomine
778 2235 982 2288 magister
1007 2232 1235 2283 hospitali&
1270 2231 1337 2281 qui
1373 2242 1444 2280 pro
1478 2235 1660 2279 tempore
1694 2225 1767 2265 suit
1801 2230 1841 2264 et
1866 2224 2019 2264 fratres

163 2301 322 2354 prefato
356 2305 604 2343 monasterio
638 2303 822 2355 singuiis
855 2303 975 2340 :mnis
1009 2301 1227 2339 solucbant
1261 2304 1348 2337 trcs
1374 2297 1559 2337 fertones
1593 2296 1777 2349 argenti.
1811 2294 1885 2333 sed
1912 2305 2020 2332 nunc

162 2372 362 2411 solucioni
397 2378 572 2423 quatuor
604 2373 724 2410 annis
759 2377 797 2409 ct
832 2371 1004 2422 amplius
1029 2368 1371 2420 supersederunt.
1421 2366 1671 2404 Procurator
1695 2375 1796 2403 uero
1829 2362 2019 2416 magistri

164 2448 203 2479 ct
239 2439 407 2479 fratrum
442 2441 586 2479 uolens
621 2440 831 2478 declinare
866 2439 1068 2477 iudiciuin.
1104 2438 1246 2475 dicens
1281 2448 1328 2473 se
1357 2436 1488 2473 minus
1516 2435 1771 2483 instructum.
1807 2432 2018 2470 terminum

164 2510 241 2548 sibi
277 2510 522 2561 suppiicauit
557 2509 675 2548 alium
710 2509 913 2561 asignari.
980 2508 1030 2545 Et
1075 2507 1167 2557 quia
1213 2506 1248 2543 in
1290 2516 1337 2543 co
1381 2516 1458 2541 non
1504 2501 1575 2540 suit
1611 2501 1851 2541 exauditus.
1899 2508 2017 2550 parte
