2217 2829
1095 175 1192 216 164

210 300 337 338 salus.
402 299 588 353 Dignum
622 305 699 351 est.
740 304 784 338 ut
818 303 915 338 vota
948 300 1056 338 iusta
1088 300 1319 350 petent-ium
1362 302 1403 337 et
1434 299 1632 349 precipue
1670 299 1829 337 illorum
1861 311 2066 350 persona-

208 380 316 419 rum7
360 379 441 418 que
475 367 612 406 diuino
646 368 772 406 cultui
812 370 909 406 sunt
950 366 1111 419 dedite.
1152 366 1204 405 ad
1238 366 1523 405 exaudicionis
1563 367 1751 420 graciam
1783 364 2068 408 fauorabiliter

209 435 496 487 admittantur7
540 439 581 474 et
614 434 779 474 effectui
813 434 951 473 debito
992 435 1288 485 mancipentur.
1352 434 1588 485 Eapropter
1627 434 1891 474 vninersitati
1922 439 2067 475 vestre

211 501 383 541 facimus
416 497 699 555 manifestum7
745 502 854 554 quod
895 514 971 540 nos
1003 502 1278 556 Priuilegium
1321 501 1569 541 dominarum
1611 501 1663 540 de
1695 501 1957 541 Dubrawnik
1992 514 2068 554 per

212 570 413 622 quondam
459 570 736 610 'rheodricum
786 568 921 609 felicis
970 571 1163 609 memorie
1209 569 1496 609 Olomucensis
1541 570 1738 621 Episcopi
1783 570 2067 610 venerabilem

210 639 555 690 predecessorem
590 643 771 677 nostrum
814 637 968 678 eisdem
1011 637 1251 677 dominabus
1291 642 1332 677 et
1364 639 1613 678 monasterio
1645 638 1955 677 Dubravicensi
1990 637 2067 677 da-

211 713 314 751 tum.
358 719 447 745 cum
480 718 582 746 uero
616 707 706 746 eius
738 706 936 758 pendenti
968 705 1135 759 Sigillo.
1170 718 1251 745 non
1284 706 1578 759 cancellatum,
1625 718 1705 745 non
1739 706 1946 758 abrasum,
1986 718 2068 745 non

210 775 417 827 abolitum.
452 786 529 814 nec
564 776 603 813 in
637 775 776 826 aquua
808 775 872 813 sui
905 779 1023 825 parte
1057 774 1262 826 viciatum7
1295 773 1470 813 vidimus
1504 778 1545 814 et
1568 774 1762 828 legimus.
1796 774 1912 813 cuius
1945 777 2068 814 teno-

210 855 296 883 rem
330 843 598 894 presentibus
632 842 683 881 de
717 842 848 882 verbo
882 842 934 880 ad
967 841 1140 881 verbum
1174 842 1362 881 duximus
1386 842 1663 882 inserendum.
1698 846 1738 882 et
1772 846 1837 881 est
1868 842 1977 881 talis.
2020 842 2069 881 In

210 912 375 951 nomine
422 915 568 951 sancte
615 916 654 951 et
704 910 914 950 indiuidue
960 910 1190 949 Trinitatis.
1266 910 1478 950 Robertus
1525 915 1603 950 etc.
1651 922 1784 962 usque
1832 910 1982 966 Datum
2028 911 2068 948 in

211 978 397 1020 Cremsir
429 979 506 1018 IV.
530 980 625 1018 Kal.
660 979 847 1033 Augusti
871 978 931 1017 M.
956 976 1045 1018 CC.
1066 978 1313 1017 XXXVIII.
1356 978 1453 1019 vide
1487 978 1678 1018 'r0111.11.
1713 991 1752 1017 n.
1779 975 1993 1018 CCXCV.
2029 981 2070 1017 et

213 1050 401 1099 sequitur
434 1046 524 1086 finis
557 1048 704 1087 literae
729 1045 1055 1087 confirmatoriae
1080 1059 1104 1085 a
1129 1045 1392 1086 Theoderico
1417 1047 1613 1098 episcopo
1636 1046 1898 1086 Olomucensi
1931 1044 2070 1086 sactae

213 1116 293 1155 dto.
336 1116 382 1155 In
416 1115 608 1155 Modricz
641 1115 764 1154 Anno
799 1115 946 1154 domini
979 1114 1200 1154 Millesimo
1234 1114 1541 1155 Ducentesimo.
1575 1115 1862 1169 Nonagesimo
1896 1114 2068 1154 Octauo.

211 1185 309 1223 XV.
335 1183 516 1223 Kalend.
551 1184 783 1223 Februarii.
829 1182 941 1222 Vide
974 1184 1013 1221 in
1039 1183 1116 1222 hoc
1141 1187 1245 1222 tomo
1271 1196 1309 1222 n.
1330 1183 1554 1222 LXXXII.
1589 1183 1676 1224 Nos
1703 1194 1867 1235 quoque
1899 1182 2069 1235 predic-

211 1258 341 1292 torum
374 1252 674 1292 venerabilium
709 1251 1062 1291 Predecessorum
1095 1255 1326 1291 nostrorum
1354 1252 1541 1305 vestigia
1574 1255 1802 1303 sectantes7
1836 1263 1886 1291 ac
1918 1251 2069 1291 volen-

212 1327 273 1360 tes
310 1333 399 1360 cum
441 1319 668 1360 affeccioiie
701 1323 871 1359 attenta.
936 1320 1205 1372 Monasterii,
1251 1324 1292 1359 et
1325 1320 1574 1359 dominarum
1619 1319 1843 1360 earundem
1877 1322 2071 1371 quantum

212 1401 430 1440 possumus
465 1389 654 1442 dirigere
686 1388 857 1428 comoda
889 1393 931 1427 et
962 1386 1198 1441 profectus7
1245 1392 1291 1427 vt
1329 1400 1378 1428 eo
1413 1386 1647 1441 efficacius7
1694 1400 1774 1441 quo
1816 1390 1858 1427 et
1898 1387 2070 1426 liberius

212 1457 474 1508 omnipotenti
510 1456 668 1496 domino
702 1455 962 1495 famulentur.
1026 1455 1094 1495 Ad
1128 1455 1316 1496 deuotam
1350 1457 1696 1507 supplicacionem
1729 1468 1882 1496 earum.
1921 1455 2070 1494 dictum

215 1525 486 1579 Priuilegium
521 1524 794 1575 exemplando
828 1525 954 1563 eciam
990 1524 1243 1563 innouamus.
1306 1525 1455 1563 Ratum
1498 1528 1539 1563 et
1571 1528 1736 1578 gratum
1770 1523 1987 1563 babentes.
2029 1526 2071 1562 et

213 1594 461 1633 auctoritate
503 1605 584 1645 qua
625 1591 838 1646 fungimur
878 1591 1167 1632 confirmantes
1210 1604 1261 1632 ea
1302 1593 1453 1644 omnia7
1500 1604 1581 1644 que
1623 1593 1737 1630 iuxta
1770 1591 2069 1631 continenciam

216 1663 440 1701 litterarum
473 1674 548 1713 per
581 1661 790 1712 predictos
831 1661 1099 1700 venerabiles
1138 1660 1465 1711 predecessores
1499 1664 1688 1713 nostros7
1730 1660 1849 1699 dictis
1883 1659 2069 1699 domina-

216 1730 304 1768 bus.
349 1735 389 1769 et
431 1730 680 1768 monasterio
721 1728 1028 1768 Dubrauicensi
1069 1727 1227 1767 indulta
1267 1732 1363 1767 sunt
1404 1733 1445 1767 et
1486 1740 1702 1767 concessa.
1766 1728 1815 1767 In
1856 1728 1974 1767 cuius
2006 1727 2069 1766 rei

215 1798 485 1837 testimonium
519 1801 738 1848 presentes
773 1797 932 1836 litteras
966 1795 1051 1837 fieri
1086 1800 1127 1836 et
1158 1796 1301 1851 Sigilli
1339 1797 1469 1835 nostri
1501 1797 1718 1835 munimine
1751 1794 1923 1836 fecimus
1956 1808 2069 1835 cotu-

216 1867 373 1904 muniri.
436 1865 585 1904 Datum
619 1866 660 1904 in
691 1864 894 1904 Modricz.
958 1865 1081 1904 Anno
1116 1864 1264 1904 domini
1296 1865 1518 1904 Millesimo
1552 1865 1868 1905 Trecentesimo
1901 1864 2069 1904 Tereia.

218 1934 289 1972 vl.
323 1933 502 1973 Kalend.
538 1933 743 1973 Octobris.
807 1931 1077 1973 Pontificatus
1110 1934 1240 1973 nostri
1272 1945 1381 1973 anno
1414 1934 1554 1985 primo.

525 2040 576 2071 Ex
602 2041 751 2082 originali
777 2042 806 2071 in
833 2040 970 2072 archivo
997 2042 1108 2072 curiae
1134 2041 1319 2072 Brunensis
1344 2041 1367 2072 s.
1391 2040 1429 2072 0.
1454 2041 1496 2072 ll.
1523 2051 1553 2072 n.
1578 2038 1612 2072 9.

1068 2197 1221 2238 Cffl'l.

372 2305 612 2355 Abbatissa
645 2318 880 2355 monasterii
915 2317 1234 2356 'ris-novicensis
1277 2317 1371 2356 emit
1413 2329 1436 2355 a
1470 2316 1664 2355 Svorone
1698 2316 1932 2367 praeposito
1966 2314 2069 2354 010-

220 2385 400 2423 mucensi
435 2384 590 2423 domum
624 2385 699 2423 sub
733 2390 868 2424 monte
890 2385 936 2425 S.
964 2374 1109 2424 Petris
1127 2386 1276 2424 Datum
1303 2385 1354 2423 V.
1378 2385 1595 2424 Kalendas
1618 2384 1881 2424 Novembris.
1922 2383 2068 2423 1303.

529 2492 557 2523 E
582 2492 655 2523 cod.
677 2492 781 2524 chart.
803 2494 844 2524 ΙΙ.
871 2494 926 2524 sol.
950 2493 1009 2524 70.
1034 2495 1062 2524 in
1083 2493 1219 2524 archivo
1245 2494 1379 2534 capituli
1405 2492 1552 2525 Oloinuc.
