2217 2829
1018 166 1079 205 21

129 301 376 342 dubitauerit
409 302 517 340 illum
551 299 711 341 felicem
753 314 802 340 ac
835 301 1193 353 prudentissimum
1227 300 1338 341 sore.
1381 304 1448 354 qui
1490 306 1659 354 propter
1692 304 1885 343 christum
1918 305 1978 343 sic

128 372 167 409 in
202 371 323 409 terris
356 371 527 409 seminat
559 370 667 408 bona
699 370 935 421 temporalia
969 374 1011 407 vt
1045 371 1086 408 111
1120 374 1305 409 extrema
1328 371 1463 409 mundi
1496 383 1631 411 messe
1665 379 1785 411 metat
1821 379 1977 412 eterna.

130 443 171 477 et
204 439 254 477 de
288 438 400 476 vultu
438 439 648 488 sapiencie
692 439 730 476 in
770 450 889 489 quem
930 438 1074 491 angeli
1118 439 1356 488 prospicere
1399 439 1637 478 desiderant
1679 442 1717 478 in
1755 447 1978 492 perpetuas

129 507 371 545 eternitates
413 507 586 559 colligat
628 506 785 559 gaudia
828 506 939 544 nulla
980 518 1169 557 vmquam
1209 513 1431 557 temporum
1482 508 1742 561 longitudine
1789 508 1978 548 finienda.

129 573 331 621 Quocirca
370 586 444 612 nos
479 574 693 611 Hartlibus
733 578 769 611 et
806 574 978 627 witigo
1021 573 1173 612 fratres
1217 572 1294 613 fide
1336 577 1596 625 presencium
1639 579 1980 630 recognoscimus

128 649 169 680 et
202 646 486 691 protestamur.
531 641 638 692 quod
672 654 760 680 cum
795 642 871 681 hac
906 654 1038 681 rerum
1074 643 1224 680 vtilium
1260 642 1396 681 habita
1432 644 1772 684 consideracione
1806 647 1870 683 vir
1903 658 1979 684 no-

129 709 222 748 bilis
256 710 438 748 dominus
468 710 683 747 Hartlibus
718 710 769 748 de
795 709 929 748 dubna
965 710 1139 749 dilectus
1173 722 1220 748 ac
1256 710 1385 749 dulcis
1419 714 1610 751 memorie
1636 714 1806 766 genitor
1839 719 1980 752 noster

131 779 237 816 viam
281 778 478 816 vniuerse
526 779 663 816 carnis
709 779 984 831 ingressurus
1035 780 1159 831 graui
1205 778 1416 817 admodum
1468 788 1682 821 teneretur
1729 781 1980 834 egritudine.

128 857 231 885 sane
263 852 397 884 tamen
430 847 576 884 mentis
610 847 757 897 suique
790 847 911 884 iuris.
959 853 997 885 et
1032 858 1167 885 rerum
1201 859 1365 885 suarum
1409 848 1576 886 liberam
1614 849 1773 887 liabens
1808 850 1981 888 admini-

129 915 375 953 stracionem
408 915 484 952 sub
518 915 737 964 presencia
772 920 811 953 et
847 915 1045 965 qualitate
1080 917 1240 953 testium
1275 922 1313 953 et
1350 928 1514 955 numero
1548 929 1570 954 a
1599 917 1699 970 lege
1725 916 1981 957 diffinitorum

129 983 206 1020 sub
239 983 448 1020 vniuersis
482 983 609 1021 eciam
642 982 952 1021 condicionibus
989 989 1027 1021 et
1063 984 1387 1022 circumstans-iis
1424 985 1475 1022 ad
1504 985 1735 1023 testandum
1768 987 1982 1036 pertinen-

128 1051 237 1089 tibus
272 1050 409 1089 vltime
442 1051 663 1088 uoluntatis
699 1051 924 1104 legitimum
959 1051 1138 1090 condidit
1172 1056 1471 1091 testamentum.
1547 1054 1691 1104 ltaque
1726 1055 1831 1093 inter
1865 1063 1982 1093 cete-

131 1131 200 1157 ras
235 1118 484 1157 donaciones
518 1120 750 1157 testamenti
786 1119 837 1158 (le
871 1131 1078 1158 consensu
1115 1120 1273 1159 domine
1306 1121 1507 1160 Budizlae
1541 1121 1792 1160 honorabilis
1827 1123 1985 1162 domine

132 1188 324 1240 coniugis
358 1198 433 1225 sue
466 1187 604 1224 matris
639 1192 793 1225 nostre.
828 1189 981 1225 nostris
1017 1189 1145 1226 eciam
1181 1195 1218 1226 et
1246 1190 1416 1227 omnium
1442 1202 1610 1240 quorum
1644 1191 1841 1230 intererat
1876 1193 1983 1230 votis

135 1260 176 1293 et
209 1266 413 1293 consensu
449 1256 485 1292 in
513 1255 549 1292 id
576 1256 703 1305 ipsum
732 1257 1073 1294 concurrentibus
1100 1257 1297 1295 dimidiam
1329 1257 1426 1296 ville
1451 1259 1682 1308 porcionem
1710 1270 1789 1309 que
1816 1259 1986 1298 Boc-hor

133 1323 278 1361 dicitur
300 1323 489 1361 limitibus
509 1323 828 1361 Prerouensium
850 1331 1125 1362 cometaneam
1150 1329 1189 1363 et
1210 1326 1397 1364 villarum
1419 1326 1613 1365 videlicet
1642 1331 1767 1377 rycsl.
1802 1327 1986 1367 H'lolzu‘z-

134 1395 173 1430 et
207 1392 406 1429 ,llusm'cz-
447 1391 497 1429 ab
541 1392 628 1429 auis
662 1392 748 1429 suis
791 1391 840 1429 ad
876 1404 923 1430 se
958 1392 1204 1431 deriuatam.
1253 1406 1369 1444 quam
1414 1395 1501 1444 ipse
1544 1395 1651 1433 bona
1684 1394 1761 1434 tide
1795 1396 1984 1447 iusteque

136 1460 398 1509 proprietatis
440 1460 600 1497 nomine
646 1459 884 1510 possidebat
928 1473 1016 1498 cum
1051 1462 1170 1498 ortis.
1219 1463 1338 1513 agris
1381 1463 1502 1500 cultis
1541 1469 1579 1501 et
1622 1464 1804 1502 incultis.
1858 1465 1984 1514 pratis

135 1525 335 1566 fenil'eris.
369 1529 547 1578 pascuis.
583 1528 793 1579 virgultis.
829 1529 1016 1566 saltibuS.
1052 1529 1168 1567 siluis
1203 1531 1506 1580 piscacionibus
1542 1543 1629 1569 cum
1655 1533 1745 1570 aliis
1778 1533 1984 1571 rniuersis

133 1596 363 1633 attinenciis
397 1596 652 1634 §Ionasterio
687 1596 738 1635 (le
784 1597 1026 1645 {Vequrarss
1071 1599 1285 1648 presertim
1319 1611 1406 1637 cum
1441 1599 1547 1637 illum
1589 1600 1741 1638 locum.
1789 1600 1982 1651 illumque

135 1663 316 1702 ordinem
350 1665 465 1702 cuius
500 1665 698 1702 sanctitas
731 1677 806 1715 per
832 1666 1066 1704 vniuersam
1092 1665 1249 1719 fraglat
1284 1668 1368 1708 (sie
1399 1680 1476 1718 pro
1507 1668 1708 1719 flayrat).
1755 1669 1984 1707 Ecclesiam

138 1731 400 1770 affectuosius
442 1732 658 1785 diligeret.
707 1733 835 1771 libere
870 1734 1035 1772 contulit
1071 1735 1146 1772 sub
1183 1735 1289 1773 iuste
1324 1737 1583 1785 proprietatis
1622 1737 1752 1786 tytulo
1786 1741 1986 1787 perpetuo

136 1799 436 1849 possidendam.
480 1801 626 1838 nullam
661 1801 736 1839 sibi
773 1801 968 1852 deinceps
1002 1814 1050 1840 ac
1084 1804 1170 1840 suis
1203 1802 1427 1842 heredibus
1462 1805 1499 1842 in
1535 1804 1719 1854 predicte
1754 1806 1851 1844 ville
1884 1818 1986 1855 por-

134 1868 289 1905 cionem
336 1868 685 1907 iurisdiccionem.
733 1882 807 1907 seu
854 1871 1064 1908 seruitutis
1112 1871 1393 1921 cuiuscunque
1434 1872 1631 1911 utiliatem
1673 1873 1902 1912 vendicans
1946 1882 1983 1912 et

139 1946 382 1973 reseruans.
426 1936 550 1986 ipsam
585 1938 940 1976 renunciat-ionem
974 1931 1222 1988 potestatlue
1256 1939 1554 1978 transfundens
1589 1942 1627 1978 in
1662 1954 1760 1979 suos
1794 1950 1984 1992 posteros

141 2008 180 2042 et
214 2003 404 2041 heredes.
471 2004 547 2041 Vir
579 2011 710 2042 autem
747 2006 997 2044 venerabilis
1032 2006 1216 2044 dominus
1249 2007 1457 2058 Lupinus.
1501 2015 1596 2047 tunc
1630 2011 1822 2059 temporis
1856 2011 1987 2050 abbas

143 2076 183 2109 et
217 2069 367 2110 fratres
401 2071 452 2111 de
486 2073 727 2125 U'elegrad
771 2074 953 2112 eiusdem
997 2075 1094 2113 ville
1137 2087 1224 2113 cum
1260 2075 1526 2115 donacionem
1568 2090 1647 2115 non
1680 2079 1770 2115 sine
1802 2079 1986 2132 gratitu-

143 2138 237 2177 dine
270 2140 565 2190 suscepissent.
599 2141 712 2179 inxta
745 2153 892 2180 morem
927 2147 1038 2181 terre
1072 2155 1207 2181 coram
1241 2142 1484 2183 officialibus
1518 2150 1557 2184 et
1591 2145 1771 2185 zudariis
1804 2148 1842 2184 in
1879 2148 1987 2187 Pre—

142 2208 255 2245 rouia
291 2208 328 2245 in
358 2209 612 2259 corporalem
647 2210 827 2248 eiusdem
862 2211 960 2249 ville
992 2212 1297 2261 possessionem
1322 2213 1482 2263 absque
1516 2214 1620 2251 omni
1654 2215 1823 2253 omnium
1858 2215 1986 2254 bomi-

140 2286 230 2312 num
264 2276 593 2315 contradiccione
627 2290 675 2315 ac
709 2280 963 2329 except-ione
998 2279 1195 2331 legaliter
1228 2280 1509 2319 subintrarunt
1543 2289 1583 2320 et
1616 2283 1654 2320 in
1690 2283 1777 2333 ipsa
1811 2295 1885 2333 per
1908 2295 1988 2322 an-

139 2353 212 2381 nos
246 2343 383 2393 plures
417 2345 604 2397 legitime
638 2354 964 2396 permanserunt.
1027 2347 1115 2385 Nos
1146 2352 1317 2397 paterne
1343 2349 1504 2397 pietatis
1529 2350 1790 2389 immitatores
1816 2352 1984 2391 eandem

137 2409 400 2450 donacionem
433 2419 595 2465 gratam
630 2420 668 2452 et
704 2419 828 2452 ratam
859 2426 991 2465 vsque
1026 2414 1146 2453 bodie
1177 2417 1376 2454 tenuimus
1402 2422 1440 2455 et
1470 2424 1669 2461 tenemus.
1703 2421 1988 2469 promittentes

138 2490 211 2516 nos
245 2480 458 2518 tuicionem
500 2488 539 2520 et
582 2480 863 2521 defensionem
897 2483 1079 2521 eiusdem
1114 2483 1352 2523 donacionis
1395 2490 1536 2524 contra
1580 2487 1822 2537 inpetitores
1857 2501 1986 2540 quos-

138 2546 235 2585 libet
268 2548 301 2585 si
337 2549 403 2599 qui
437 2548 544 2599 quod
578 2550 684 2588 absit
718 2555 860 2590 essent
894 2549 1066 2589 fideliter
1090 2553 1350 2602 prestituros.
1397 2553 1444 2592 ln
1470 2555 1586 2592 cuius
1622 2556 1679 2593 rei
1715 2557 1984 2595 testimonium
