2217 2829
993 120 1087 160 177

108 258 173 296 sui
205 268 478 296 successores
513 262 608 296 sunt
640 258 681 296 in
713 256 900 297 sollidum
932 259 1185 309 possessuri.
1247 259 1298 297 Et
1333 260 1429 310 quia
1463 258 1626 311 prefate
1660 272 1759 300 aree
1793 267 1857 300 est
1891 262 1968 302 do-

109 326 241 364 minus
274 325 607 376 archidyaconus
643 337 866 377 possessor
902 337 1029 365 uerus
1073 330 1113 366 et
1147 335 1298 366 rector.
1346 327 1396 367 ob
1440 329 1557 367 cuius
1599 331 1886 369 reuerenciam
1930 340 1968 372 et

109 395 448 448 recognicionem
481 406 596 434 meus
629 406 853 434 successor
885 406 960 434 seu
993 406 1280 434 successores.
1314 397 1355 435 in
1390 396 1506 436 domo
1535 408 1638 436 mea.
1673 409 1970 448 permansurus

108 474 186 502 seu
222 463 494 514 permansuri.
541 464 582 501 in
623 464 750 514 primo
790 464 957 502 introitu
998 464 1038 502 in
1082 463 1239 502 domum
1280 475 1410 503 meam
1451 470 1725 504 memoratam.
1773 478 1970 521 gressum

109 528 292 584 figendo.
339 531 380 569 in
413 531 503 570 ueri
543 532 606 570 sui
644 534 685 571 et
727 532 881 582 proprii
914 531 1062 571 domiui
1093 532 1374 586 agnicionem.
1421 545 1545 571 vnum
1578 545 1776 587 grossum
1810 535 1970 575 domino

108 610 184 638 suo
217 598 508 638 archidiacono
550 600 807 650 presentabit
848 611 925 639 seu
966 600 1280 650 presentabunt.
1328 604 1370 639 et
1411 601 1548 652 equali
1586 614 1712 641 cursu
1747 615 1971 643 successor

109 671 151 706 et
183 667 311 706 eciam
344 678 617 706 successores
648 668 860 707 memorati
892 668 1000 718 petri
1031 668 1072 706 in
1097 667 1213 707 domo
1248 669 1390 719 ipsius.
1427 669 1647 720 disponent
1681 684 1803 710 vnum
1837 684 1970 726 gros-

106 747 194 774 sum
227 734 386 774 domino
420 734 712 775 archidiacono
746 734 878 775 eidem
910 736 1028 775 saluo
1061 740 1197 776 tamen
1231 749 1362 776 censu
1385 749 1473 777 suo.
1509 739 1574 776 cui
1609 744 1790 791 vti-aque
1826 740 1970 780 domus

105 806 326 842 memorate
359 814 435 843 sue
453 814 566 842 aree.
601 807 643 842 et
675 815 778 843 mea.
812 807 854 843 et
877 804 1006 844 Petri.
1040 805 1117 844 mei
1151 806 1253 844 socii
1278 807 1424 844 vicarii
1458 804 1623 857 prefati.
1658 819 1734 858 per
1759 808 1967 849 lothonem

103 882 228 908 vnum
261 871 442 925 singulis
475 872 596 910 annis
629 883 705 923 per
736 875 921 911 nostrum
953 884 1243 913 successorem
1285 878 1326 913 et
1359 885 1660 914 successores:
1707 880 1749 915 et
1782 877 1823 915 in
1858 889 1965 929 quo-

105 938 206 977 libet
245 951 366 978 anno.
413 940 647 991 apportabit
684 941 774 980 iure
806 952 960 980 census
993 942 1126 981 tocius
1160 945 1201 981 et
1234 953 1287 981 ex
1321 943 1512 996 integro:
1558 943 1652 982 Hec
1694 949 1831 984 autem
1864 957 1971 996 pre-

103 1007 259 1058 scripta
291 1008 462 1061 singula
495 1012 536 1047 et
567 1009 780 1048 vniuersa.
823 1009 1052 1048 ordinanda
1086 1009 1345 1062 disponenda
1377 1014 1419 1049 et
1452 1011 1705 1063 exequenda
1737 1025 1827 1053 meo
1862 1026 1963 1053 suc-

103 1076 264 1114 cessori
296 1077 457 1115 comitto
491 1077 531 1114 in
563 1081 804 1128 perpetuum
836 1077 1151 1128 procurandum.
1224 1079 1278 1117 Et
1319 1083 1363 1117 ut
1399 1079 1478 1118 hec
1510 1082 1754 1130 procuracio
1789 1082 1965 1122 ordina-

102 1144 232 1182 cionis
265 1148 467 1194 perpetua
509 1145 734 1184 stabilitate
775 1146 906 1196 possit
946 1144 1096 1185 fulciri.
1139 1147 1307 1200 sigillis.
1351 1148 1576 1187 reuerendi
1617 1160 1668 1187 ac
1707 1152 1965 1191 venerabilis

104 1211 252 1250 domini
284 1211 489 1252 Johannis
532 1213 715 1264 episcopi
749 1212 1034 1254 Olomucensis
1076 1216 1293 1266 tociusque
1327 1216 1507 1266 capituli.
1556 1220 1597 1256 et
1635 1217 1783 1257 domini
1818 1220 1962 1259 archi-

105 1279 266 1318 diaconi
298 1280 548 1331 Rancssvri).
590 1292 766 1332 presens
799 1283 995 1333 scriptum
1028 1282 1127 1321 duxi
1160 1284 1407 1322 communiri.
1455 1284 1563 1323 Acta
1598 1289 1694 1324 sunt
1727 1286 1818 1326 hec.
1854 1299 1971 1328 anno

104 1347 251 1386 domini
285 1348 332 1387 Μ
358 1346 485 1388 CCC.
515 1349 568 1387 V.
603 1351 868 1400 presentibus
903 1350 1088 1390 dominis.
1123 1351 1346 1402 Budsisl.)
1382 1352 1555 1392 decano.
1595 1350 1774 1405 Cy(1·o].
1810 1368 1965 1407 prepo-

100 1417 192 1454 sito.
229 1417 472 1466 Ran[ciro].
507 1417 798 1457 archidiacono
832 1423 873 1457 et
906 1430 1025 1470 quam
1059 1419 1150 1458 aliis
1184 1419 1370 1470 pluribus
1400 1422 1612 1461 canonicis
1647 1424 1748 1462 viris
1773 1423 1963 1474 ydoneis.

413 1515 465 1546 Ex
491 1516 573 1557 orig.
598 1516 629 1547 in
654 1516 790 1548 archivo
816 1517 951 1558 capituli
977 1515 1124 1549 Oiomuc.

940 1664 1134 1706 CLXIX.

101 1772 366 1824 Rcinherns,
409 1776 661 1826 capitaneus
694 1775 949 1827 Grac-oriae,
997 1778 1229 1830 Appardus
1270 1779 1322 1817 de
1354 1779 1656 1830 Nifflvmonte,
1705 1776 1974 1822 camerarius

103 1841 306 1881 Boemiae
340 1845 379 1880 et
404 1842 521 1893 Cyno
556 1843 607 1881 de
641 1844 865 1883 Florentia
898 1857 1043 1884 omnes
1076 1859 1222 1885 eorum
1253 1849 1552 1899 possessiones,
1585 1861 1692 1900 quas
1719 1854 1819 1889 (mle
1848 1851 1972 1890 Bru-

102 1921 203 1948 mtm
235 1910 501 1950 habuerunt.
542 1911 711 1950 Jocmnz'
752 1914 833 1951 ciri
874 1916 912 1951 el
957 1914 1147 1966 carnifici
1183 1915 1407 1955 Brunense‘
1446 1916 1651 1956 vendunt.
1722 1919 1822 1957 Dlo.
1867 1919 1967 1959 1'11.

755 1980 943 2019 Kalend.
977 1982 1138 2021 Martii.
1178 1983 1319 2022 1305.

265 2086 366 2137 Nos
400 2098 636 2138 Reinberus
671 2098 928 2151 Capitaneus
963 2099 1189 2153 Cracouie7
1224 2103 1449 2154 Appardus
1483 2103 1535 2143 de
1567 2104 1844 2158 Nigromonte
1879 2105 1969 2146 Ca-

109 2167 311 2205 merarius
344 2167 489 2220 Regni
522 2168 707 2220 Boemie.
754 2169 808 2207 Et
843 2167 963 2219 Cyno
998 2169 1050 2209 de
1083 2168 1289 2223 florentia,
1335 2171 1485 2210 Notum
1518 2183 1615 2212 esse
1649 2173 1839 2213 volumus
1873 2176 1970 2214 vni-

109 2234 246 2273 uersis
280 2236 532 2285 presentium
566 2237 756 2275 noticiam
790 2237 1014 2276 habituris.
1049 2238 1157 2289 quod
1191 2251 1267 2278 nos
1302 2240 1573 2280 hereditatem
1606 2246 1812 2295 nostram.
1852 2244 1971 2283 sitam

105 2306 203 2341 ante
236 2302 446 2341 Brunnam
479 2316 568 2342 cum
602 2305 789 2345 omnibus
823 2307 1092 2357 pertinenciis
1125 2308 1212 2346 suis
1247 2314 1288 2347 et
1320 2308 1509 2361 Juribus,
1543 2309 1740 2350 videlicet
1773 2323 1862 2350 cum
1886 2312 1970 2351 Ju-

105 2369 234 2423 dicio7
267 2371 404 2425 Agris
437 2373 557 2411 cultis
592 2377 633 2412 et
665 2374 853 2426 incultis7
886 2374 1038 2427 Siluis7
1078 2375 1348 2429 Nemoribus7
1391 2376 1527 2429 Ortis7
1560 2377 1785 2432 Pomeriis7
1819 2380 1969 2432 Aquis.

101 2438 301 2491 miscuis,
348 2440 551 2492 Piscinis7
595 2441 932 2494 piscacionibus,
981 2443 1033 2481 Et
1067 2443 1350 2483 molendinum
1384 2457 1473 2484 cum
1507 2445 1651 2485 decem
1684 2447 1817 2487 Rotis.
1862 2449 1970 2500 quod

101 2507 343 2561 vvlgariter
385 2509 616 2547 nominatur
661 2510 701 2549 in
744 2510 927 2550 dornech
969 2513 1087 2550 situm
1130 2517 1169 2551 et
1212 2512 1387 2552 locatum
1429 2525 1558 2565 super
1594 2514 1851 2555 Swarczam.
1917 2517 1969 2557 Et

1490 2585 1555 2625 23
