2217 2829
1072 158 1142 197 44

183 295 438 347 questiones,
485 306 565 345 que
598 298 725 347 grate
757 295 872 345 pacis
906 295 1029 334 limite
1062 296 1342 347 terminantur,
1388 295 1439 333 ad
1474 296 1674 335 cautelam
1708 297 1958 346 presentium
1992 300 2034 336 et

181 363 410 402 memorIam
452 366 708 413 posterorum
750 362 889 416 redigi
932 362 1111 402 debeant
1153 364 1191 401 in
1234 363 1502 415 scripturam,
1549 375 1601 402 ne
1643 363 1736 402 lites
1770 363 2033 416 dampnosas,

182 437 295 470 certo
329 428 408 469 fine
442 430 620 482 decisas,
653 429 900 469 incertitudo
933 430 1167 469 succedens
1201 429 1450 481 quandoque
1482 431 1720 483 resuscitet,
1763 442 1868 483 quas
1900 432 2033 471 inter-

182 498 338 538 cedens
371 498 594 537 concordia
627 498 832 549 sepeliuit.
896 498 960 537 Ea
993 504 1161 550 propter
1193 510 1269 536 nos
1303 498 1615 551 Theodericus,
1649 499 1715 539 dei
1748 500 1898 553 gracia
1930 498 2034 539 010-

181 567 388 606 mucensis
421 567 665 618 episcopus,
707 570 901 606 constare
936 568 1119 618 cupimus
1152 567 1377 618 vniuersis,
1426 567 1533 618 quod
1567 578 1699 618 nuper
1731 569 1840 607 inter
1871 579 1947 607 nos
1980 579 2034 607 ex

180 647 283 687 una,
318 638 359 674 et
390 634 670 673 uenerabilem
704 634 893 674 abbatem
928 640 968 674 et
1001 638 1245 674 conuentum
1279 635 1667 688 Brewnouiensem,
1712 635 1868 674 ordinis
1901 636 2035 675 sancti

180 702 420 754 Benedicti,
459 702 695 756 Pragensis
730 702 947 755 dyocesis,
989 707 1029 742 et
1061 704 1351 743 monasterium
1384 703 1715 757 Raygradense,
1756 708 1899 742 nostre
1931 702 2033 743 010-

180 771 388 810 mucensis
423 770 640 823 dyocesis,
687 770 842 809 ordinis
876 770 1059 810 eiusdem
1093 772 1225 810 sancti
1259 771 1496 823 Benedicti,
1543 783 1596 810 ex
1630 775 1747 822 parte
1780 772 1912 810 altera
1945 775 2036 810 orta

180 840 351 879 materia
395 839 623 890 questionis
670 851 742 890 pro
786 850 858 890 eo,
905 839 1011 890 quod
1054 851 1130 878 nos
1172 840 1211 877 in
1254 839 1396 878 eodem
1438 839 1742 893 Raygradensi
1787 840 2035 879 monasterio

179 907 364 959 predicto
398 907 535 946 abbati
571 908 611 945 in
645 907 927 957 spiritualibus
961 912 1002 946 et
1031 907 1325 958 temporalibus
1348 907 1536 946 subiecto
1567 907 1858 946 institutionem
1891 911 1933 947 et
1957 907 2034 947 de-

180 977 429 1015 stitutionem
462 980 502 1014 et
534 975 616 1013 alia
649 976 737 1014 iura
771 975 1024 1026 episcopalia
1066 975 1117 1013 ad
1159 975 1300 1029 legem
1342 975 1637 1014 iurisdictionis
1679 979 1720 1014 et
1758 975 2035 1026 dyocesanam

178 1045 432 1097 spectantia,
466 1056 555 1083 cum
589 1044 777 1095 populum
811 1043 985 1095 habeat,
1019 1044 1282 1096 petebamus,
1317 1055 1370 1082 ex
1404 1044 1553 1095 quibus
1585 1044 1757 1094 plurima
1790 1043 1923 1082 dictus
1956 1043 2034 1082 ab-

178 1114 256 1153 bas
288 1113 408 1152 nobis
442 1125 522 1151 non
557 1111 723 1164 deberi,
771 1124 820 1151 ea
854 1123 901 1151 se
935 1116 975 1151 et
1017 1111 1346 1162 predecessores
1387 1123 1486 1150 suos
1529 1124 1549 1150 a
1585 1116 1792 1163 tempore,
1839 1123 1919 1163 quo
1952 1123 2034 1150 non

179 1186 293 1221 extat
325 1182 531 1227 memoria,
579 1180 821 1231 possedisse
855 1185 895 1219 et
928 1181 1226 1231 prescripsisse
1260 1191 1459 1219 asserens
1496 1180 1735 1233 allegabat,
1776 1183 1947 1231 petens,
1992 1183 2037 1218 ut

179 1262 229 1289 ea
262 1250 340 1288 sibi
374 1251 413 1289 in
447 1249 696 1289 monasterio
729 1248 1034 1301 Raygradensi
1077 1249 1141 1300 pio
1175 1260 1225 1287 ac
1258 1252 1431 1298 paterno
1475 1247 1624 1287 affectu
1665 1248 1827 1299 absque
1859 1251 2035 1287 conten-

178 1319 289 1358 tione
331 1329 645 1372 recognoscere
688 1316 970 1370 dignaremur.
1034 1315 1122 1355 Nos
1165 1317 1294 1370 igitur
1335 1317 1424 1355 eius
1466 1316 1542 1355 iuri
1585 1320 1626 1355 et
1667 1316 2035 1367 supplicationibus

178 1388 350 1426 rationis
385 1387 577 1438 obtentu,
624 1398 697 1437 pro
731 1397 813 1437 qua
846 1396 999 1424 summa
1032 1383 1157 1423 saciat
1190 1385 1317 1436 ratio,
1364 1383 1649 1423 fauorabiliter
1682 1387 1936 1436 annuentes,
1984 1383 2036 1423 de

178 1456 350 1495 consilio
383 1455 484 1494 iuris
518 1455 738 1505 peritorum
780 1466 830 1492 ac
863 1454 1031 1493 aliorum
1066 1453 1359 1492 honorabilium
1393 1453 1571 1491 uirorum
1608 1453 1736 1504 ipsam
1779 1452 2034 1503 questionem

179 1525 318 1564 taliter
352 1524 541 1562 duximus
576 1522 627 1562 de
648 1534 857 1562 consensu
891 1526 932 1562 et
952 1522 1216 1561 conniuentia
1239 1521 1367 1560 nostri
1402 1521 1567 1572 capituli
1602 1520 1884 1573 decidendam,
1916 1519 2038 1559 uide-

178 1593 275 1633 licet
307 1596 350 1631 nt
384 1593 474 1643 ipse
513 1592 644 1630 abbas
687 1595 728 1631 et
769 1592 831 1630 sui
874 1601 1148 1629 successores
1189 1590 1388 1640 deinceps
1428 1589 1729 1640 inquisitionem
1772 1599 2036 1641 excessuum,

177 1662 471 1701 institutionem
506 1671 669 1712 quoque
712 1665 752 1700 et
786 1660 1087 1699 destItutionem
1122 1658 1320 1710 prepositi
1355 1658 1508 1697 babeat
1539 1658 1630 1696 sine
1663 1657 1797 1708 nobis,
1842 1668 1921 1696 nec
1953 1668 2035 1695 non

177 1731 311 1770 onmia
343 1729 423 1768 alia
455 1729 559 1781 iura,
606 1733 647 1768 et
679 1727 942 1767 omnimodam
983 1727 1280 1766 subiectionem
1321 1730 1363 1765 et
1405 1725 1711 1776 dispositionem
1754 1724 1848 1763 dicti
1892 1737 2035 1764 mona-

178 1799 293 1838 sterii
327 1797 652 1851 Raygradensis
686 1798 726 1835 in
760 1796 946 1835 omnibus
980 1796 1069 1834 eius
1103 1793 1368 1833 facultatibus
1402 1798 1443 1833 et
1476 1794 1688 1845 personis,
1731 1793 1827 1844 quia
1860 1796 2036 1845 constat,

179 1867 325 1906 dictum
360 1867 549 1905 abbatem
583 1870 624 1905 et
658 1878 756 1905 suos
782 1864 1110 1916 predecessores
1144 1862 1311 1902 easdem
1336 1862 1631 1901 subiectionem
1661 1865 1702 1901 et
1727 1861 2033 1912 dispositionem

178 1937 216 1975 in
252 1935 358 1975 dicto
393 1934 693 1987 Raygradensi
736 1933 984 1972 monasterio
1026 1932 1228 1971 hactenus
1271 1931 1482 1969 babuisse.
1555 1930 1642 1969 Nos
1684 1934 1817 1969 autem
1851 1930 1890 1968 in
1925 1928 2032 1967 dicto

177 2004 425 2043 monasterio
450 2003 606 2042 babere
635 2002 831 2042 debemus
855 2001 1143 2051 uisitationem,
1176 1999 1488 2051 correctionem,
1522 1998 1849 2049 procurationem
1874 1997 2034 2036 ratione

178 2073 447 2123 uisitationis,
489 2071 629 2110 auxilii
665 2069 895 2122 imponendi
929 2081 1001 2120 pro
1036 2069 1153 2106 varia
1188 2067 1464 2118 necessitate,
1506 2066 1843 2105 contributionem
1877 2075 2033 2103 secun-

179 2141 269 2180 dum
316 2141 607 2179 [lateranense
654 2139 868 2178 concilium
915 2136 1188 2188 moderatam,
1236 2134 1555 2173 iurisdictionem
1607 2144 1770 2185 quoque
1816 2144 2033 2171 causarum

178 2210 349 2249 omnium
392 2208 443 2247 ad
487 2206 616 2246 sorum
658 2207 987 2246 ecclesiasticum
1021 2204 1317 2256 spectantium,
1359 2207 1401 2242 et
1438 2214 1654 2242 censuram
1692 2201 2034 2254 ecclesiasticam,

178 2281 525 2317 sacramentormn
560 2276 731 2315 omnium
766 2275 1038 2325 collationem,
1073 2277 1113 2311 et
1146 2272 1332 2311 altarium
1367 2271 1735 2320 consecrationem,
1776 2273 1817 2308 ct
1849 2268 2033 2308 ordinum

179 2346 449 2397 collationem,
484 2344 761 2395 penitentiam,
796 2342 1070 2381 reuerentiam
1105 2340 1281 2379 debitam
1316 2343 1355 2377 et
1390 2339 1609 2390 bonorem,
1645 2338 1732 2388 ipse
1757 2348 1921 2388 quoque
1954 2337 2031 2376 ab·

180 2415 254 2452 bas
288 2414 485 2465 priorem,
533 2413 600 2464 qui
634 2423 772 2450 curam
807 2411 1028 2449 animarum
1073 2419 1231 2462 gerere
1274 2406 1399 2446 debet
1441 2406 1636 2457 prepositi
1671 2405 1958 2444 monachorum
1991 2408 2033 2444 et

179 2483 326 2534 plebis„
360 2482 499 2533 nobis,
533 2485 575 2519 ut
609 2479 713 2518 idem
748 2479 858 2530 prior
891 2490 1027 2516 curam
1063 2475 1233 2515 eandem
1269 2475 1463 2526 recipiat,
1498 2473 1776 2525 presentabit,
1811 2474 1878 2524 qni
1912 2473 2032 2512 etiam

180 2550 229 2588 ad
264 2549 462 2600 synodum
498 2553 676 2587 nostram
710 2548 856 2587 uenire
889 2557 1000 2585 more
1043 2544 1250 2584 tenebitur
1282 2543 1469 2594 aliorum,
1516 2543 1644 2592 ipsum
1679 2552 1844 2593 quoque
1877 2552 2031 2592 prepo-
