2217 2829
1071 126 1176 166 254

195 266 500 318 argumentum,
533 262 718 313 presenti
752 262 910 316 pagine
943 267 1127 302 nostrum
1159 263 1344 318 sigillum
1378 264 1566 305 duximus
1589 267 1917 318 appendendum.
1964 272 2054 312 Te-

198 338 286 372 stes
320 335 416 371 sunt
447 331 662 385 Magister
694 330 919 384 Hem-icus,
951 331 1110 371 Doctor
1143 331 1424 372 decretorum:
1456 334 1609 375 Frater
1636 334 1893 391 Leopoldus,
1926 335 2052 379 Com-

195 399 410 441 mendator
450 399 502 440 de
544 397 754 451 Oppauia:
809 399 962 439 Frater
1002 399 1227 453 Heluicus7
1273 401 1579 441 commendator
1624 402 1677 444 de
1717 403 1854 444 Brod:
1903 405 2057 448 Frater

197 467 464 522 chunradus,
497 467 802 508 commendator
830 466 883 508 de
906 468 1167 508 Nouadomo:
1199 468 1352 509 Frater
1375 468 1633 525 Gottfridus,
1665 473 1970 514 commendator
2002 474 2056 516 de

198 538 465 578 Dobrowitz:
499 540 540 577 et
572 537 641 576 alii
674 534 828 576 fratres
861 537 901 575 in
933 537 1177 588 prouinciali
1209 538 1390 589 capitulo
1423 540 1646 579 constituti.
1708 540 1860 581 Datum
1891 543 1933 582 in
1960 542 2054 583 Do-

195 607 387 659 browitz7
421 609 568 658 quarto
601 604 693 644 idus
727 605 1037 657 semptembris.

506 713 665 745 Msslauer
689 712 814 745 Gesch.
840 713 900 744 des
925 713 1111 745 deutschen
1135 712 1266 745 Ordens
1291 713 1374 747 Urk.
1399 725 1429 746 n.
1454 715 1532 746 XII.
1557 725 1589 757 p.
1619 715 1702 747 118.

1056 912 1193 952 XLII.

195 1026 424 1076 Rotzlam,
457 1025 710 1076 buryrarius
729 1025 1026 1076 Znoymensis,
1057 1028 1335 1077 protestatur,
1360 1026 1538 1078 Lupum
1562 1026 1614 1066 de
1638 1027 1883 1067 Oleoeowice
1905 1040 2056 1079 ayrum

197 1098 237 1135 e!
280 1097 455 1147 pratum
503 1095 547 1133 in
588 1093 691 1132 villa
734 1093 979 1134 Olemowice
1024 1095 1280 1133 monasterio
1326 1094 1621 1134 Oslowanemi
1665 1096 1880 1147 obliqasse.
1954 1097 2055 1135 Dto.

712 1162 935 1213 Znoymae
966 1163 1012 1202 in
1044 1162 1188 1213 rzssqilia
1220 1164 1362 1202 Hlarci
1395 1163 1538 1202 1272.

351 1271 453 1323 Nos
488 1283 690 1322 Ratzlaus
724 1283 969 1334 purcrauius
1001 1283 1281 1334 Znoymensis
1314 1283 1500 1323 omnibus
1537 1283 1645 1322 hanc
1678 1284 1854 1323 litteram
1886 1284 2057 1335 inspec-

201 1353 303 1392 turis
336 1352 415 1391 hiis
450 1352 596 1391 litteris
630 1352 784 1391 nostris
817 1356 1093 1403 protestamur
1136 1351 1244 1405 quod
1286 1351 1433 1391 Lubus
1475 1351 1527 1391 de
1560 1350 1805 1392 Olekuwicz
1839 1353 1931 1392 zelo
1964 1353 2057 1404 pie-

195 1422 291 1461 tatis
325 1421 472 1460 ductus
505 1420 623 1460 XVI.
687 1420 856 1475 Jugera
888 1432 1086 1475 agrorum
1121 1425 1162 1461 et
1194 1424 1353 1473 pratum
1388 1419 1591 1473 quoddam
1624 1433 1741 1460 suum
1774 1433 1902 1473 super
1933 1421 2056 1475 Igla-

196 1491 302 1529 uiam
336 1501 482 1541 aquam
522 1490 620 1530 uille
653 1493 871 1540 prenotate
913 1489 1145 1530 venerabili
1179 1489 1340 1529 domine
1373 1490 1604 1528 Abbatisse
1645 1493 1686 1528 et
1723 1490 1943 1528 conuentui
1978 1488 2056 1527 do-

195 1560 391 1598 minarum
426 1557 477 1597 de
502 1557 602 1597 Osla
639 1570 710 1609 pro
734 1559 831 1597 Vll.
852 1559 1001 1597 marcis
1026 1559 1196 1612 argenti
1231 1559 1319 1609 puri
1344 1558 1616 1597 morauiensis
1639 1557 1837 1608 ponderis
1864 1557 2057 1608 exposuit

195 1631 238 1667 et
269 1627 475 1681 obligauit
508 1639 629 1678 quum
662 1631 797 1666 tamen
840 1628 1095 1667 necessitate
1137 1627 1372 1678 compulsus
1409 1626 1501 1665 aliis
1534 1626 1771 1680 obligasset
1803 1626 1881 1665 hoc
1918 1625 2056 1664 addito

196 1700 239 1735 et
271 1695 463 1736 adiuncto
497 1695 605 1747 quod
640 1696 836 1747 quidquid
861 1694 1035 1747 prefatis
1060 1696 1289 1735 Abbatisse
1323 1700 1365 1735 et
1397 1696 1618 1735 conuentui
1653 1695 1705 1734 de
1738 1696 1840 1746 ipsis
1874 1698 1916 1734 et
1938 1697 2057 1746 prato

195 1768 237 1805 et
269 1765 391 1818 agris
424 1764 667 1804 emolimenti
701 1776 776 1804 seu
809 1765 996 1804 utilitatis
1029 1769 1125 1805 ante
1149 1765 1401 1805 solucionem
1434 1775 1587 1804 summe
1621 1763 1840 1816 prehabite
1873 1763 2058 1803 dominus

196 1833 343 1872 tollere
378 1831 540 1872 dederit
572 1832 623 1872 ad
658 1837 778 1884 turpe
811 1834 967 1873 lucrum
999 1845 1081 1873 non
1115 1833 1267 1874 debeat
1291 1833 1479 1885 deputari
1513 1833 1589 1874 sed
1623 1834 1663 1872 in
1698 1834 1788 1885 pias
1808 1833 2058 1873 elemosinas

202 1914 274 1953 pro
307 1913 355 1941 se
389 1905 430 1941 et
463 1902 550 1941 suis
583 1902 693 1941 caris
735 1907 814 1941 tam
848 1903 955 1942 uiuis
998 1914 1118 1955 quam
1161 1901 1368 1943 defunctis
1409 1907 1451 1944 et
1483 1904 1518 1942 si
1552 1903 1649 1955 quid
1688 1903 1859 1942 lesionis
1892 1905 1934 1942 et
1966 1905 2057 1941 tur-

202 1971 388 2010 bacionis
430 1970 561 2011 eidem
604 1972 851 2012 monasterio
893 1983 968 2023 per
1012 1973 1144 2023 ipsum
1185 1973 1339 2012 illatum
1383 1974 1437 2012 sit
1479 1973 1586 2025 quod
1634 1977 1767 2012 tamen
1811 1973 2059 2025 ignoranter

201 2037 351 2078 sactum
385 2043 450 2078 est
484 2039 670 2079 dominus
712 2041 779 2091 qui
812 2041 1049 2080 misericors
1082 2045 1256 2092 peccata
1298 2041 1456 2082 dimittit
1497 2053 1624 2093 super
1665 2041 1744 2091 hijs
1786 2040 1863 2079 sibi
1907 2039 2059 2079 debeat

198 2108 398 2147 misereri.
463 2108 611 2147 Actum
643 2107 831 2158 Znoyme
864 2110 1130 2160 presentibus
1163 2109 1398 2161 Szudayrio
1434 2111 1593 2151 domino
1625 2109 1895 2149 Szucecraio.
1937 2108 2057 2148 Lau-

200 2176 340 2216 rencio
382 2180 421 2215 et
464 2176 712 2217 XVoluelino
754 2175 952 2217 fratribus
996 2177 1086 2218 filiis
1128 2180 1327 2219 Rancirii.
1399 2179 1574 2218 Domino
1611 2177 1817 2218 Sborone.
1882 2177 2057 2218 Domino

201 2245 409 2284 Rancirio.
473 2245 750 2285 XVernhardo
788 2250 830 2285 et
861 2246 1052 2288 Jencone
1091 2246 1181 2288 liliis
1214 2248 1321 2299 Lupi
1363 2248 1414 2287 de
1446 2247 1702 2287 Nasmericz.
1770 2248 1942 2287 Domino
1975 2247 2056 2286 Je-

201 2313 336 2353 roslao
371 2313 422 2352 (le
455 2314 650 2354 Knenitz.
715 2315 965 2356 Mei-botone
999 2317 1237 2367 prouinciali
1271 2316 1527 2367 Znoymensi
1570 2320 1611 2355 et
1644 2317 1736 2355 aliis
1770 2328 1889 2368 quam
1922 2316 2055 2367 pluri-

197 2382 273 2420 bus
306 2384 464 2421 efflictis
500 2383 647 2422 ibidem
677 2384 876 2424 collectis.
942 2385 1064 2424 Anno
1098 2384 1245 2424 domini
1269 2386 1328 2425 M.
1347 2382 1436 2425 CC.
1455 2385 1631 2425 [ixxll.
1668 2387 1707 2424 in
1731 2385 1880 2439 vigilia
1903 2384 2052 2425 Marci.

506 2490 675 2533 Originalv
701 2493 729 2523 in
755 2492 889 2523 archiv«,
914 2493 1026 2524 curiae
1051 2493 1234 2525 Bruncnsis
1262 2494 1282 2524 l'.
1309 2493 1347 2525 0.
1374 2495 1397 2525 1.
1424 2505 1453 2525 n.
1485 2493 1540 2526 10.
