2217 2829
1081 131 1178 172 176

201 276 363 317 Taliter
397 273 506 326 quod
538 274 579 312 in
613 272 679 312 die
712 271 988 310 anniuersarii
1021 272 1099 310 mei
1133 282 1297 322 semper
1330 281 1384 309 ex
1408 270 1564 310 eisdem
1594 272 1715 310 bonis
1747 273 1825 311 mei
1858 274 2063 313 memoria.

201 347 241 384 in
275 344 416 383 maiori
442 343 622 382 ecclesia
648 341 845 393 precipue
870 344 911 379 et
945 341 985 379 in
1018 340 1122 379 aliis.
1157 341 1197 378 in
1223 340 1372 391 quibus
1410 339 1461 379 de
1485 338 1687 379 fructibus
1720 346 1992 393 prouentuum
2024 344 2064 381 in

200 413 488 452 anniuersario
535 423 625 451 meo
672 408 797 449 suerit
842 409 996 461 aliquid
1044 412 1297 463 errogatum.
1352 409 1510 463 iugiter
1556 413 1597 449 et
1637 421 1803 462 semper
1846 410 2064 450 habeatur.

199 482 410 521 Videlicet
451 480 559 532 quod
602 491 655 519 ex
698 482 900 530 prouentu
941 478 1139 517 dictorum
1181 489 1381 532 agrorum
1425 478 1493 530 qui
1530 489 1578 517 se
1611 478 1842 518 extendunt
1874 478 1926 518 ad
1961 479 2064 519 duas

202 563 363 590 marcas
397 555 437 589 et
472 550 654 601 quinque
691 548 904 599 lotllones7
944 549 1069 599 primo
1104 547 1276 587 dominis
1314 547 1415 587 meis
1449 547 1661 586 canonicis
1694 548 1962 598 presentibus
1996 549 2065 600 qui

201 626 298 659 tunc
333 619 470 658 diuino
504 616 636 658 officio
672 615 935 656 interfuerint
969 616 1132 668 quando
1157 628 1337 656 mearum
1372 617 1643 668 exequiarum
1667 617 1861 656 memoria
1894 621 2063 671 agetur.

199 701 272 741 pro
307 690 486 739 ipsorum
521 686 813 726 consolacione
858 686 952 725 11010
993 692 1037 724 vt
1081 685 1235 724 eisdem
1278 683 1384 724 serto
1423 685 1716 737 distribuatur7
1763 684 1864 723 Item
1897 686 2065 724 uicariis

201 758 388 797 omnibus
421 768 505 795 vna
539 768 629 795 cum
653 756 856 809 magistro
883 755 978 793 1111.
1014 754 1150 793 lothus
1184 752 1313 793 forma
1338 753 1414 792 sub
1440 753 1584 794 eadem
1619 753 1838 806 diuidatuu,
1872 757 2066 805 preterea

199 826 358 866 medius
397 825 533 865 lothus
572 837 646 876 pro
680 823 868 863 candelis
911 828 952 862 et
986 822 1207 862 offertoriis
1241 822 1511 876 inpendatur.
1557 823 1660 862 Item
1694 823 1846 876 viginti
1880 823 2064 874 preben-

200 895 306 934 datis
340 903 380 934 et
415 894 575 934 duobus
609 892 961 944 canpanatoribus
1005 892 1098 943 [qui
1133 893 1267 942 stant]
1311 892 1446 931 lothus
1480 904 1588 930 vnus
1627 903 1734 943 equa
1769 891 2065 932 distribucione

198 965 359 1003 scilicet
394 975 467 1014 per
501 962 604 1001 duos
639 962 834 1001 denarios
867 962 1126 1014 assignetur.
1193 960 1293 999 Item
1329 960 1660 1011 predicatoribus
1694 973 1802 999 vnus
1836 960 1986 1000 lotluls.
2024 966 2066 1000 et

198 1033 422 1071 minoribus
456 1031 708 1071 tantundem.
757 1037 797 1069 et
831 1030 883 1069 de
916 1029 1085 1069 residua
1128 1034 1246 1080 parte
1279 1030 1440 1080 septimi
1484 1028 1632 1068 dimidii
1675 1027 1849 1069 sertonis
1882 1030 2065 1083 singulis

199 1102 438 1153 septimanis
480 1100 822 1152 percurrentibus
866 1111 1013 1137 annum
1057 1099 1258 1150 complete
1302 1110 1448 1138 nouem
1481 1098 1750 1149 111-01100113ῐί8
1783 1110 1873 1137 cum
1906 1110 2065 1151 canpa-

198 1176 365 1210 natore.
413 1170 479 1221 qui
514 1174 597 1208 stat
638 1170 676 1207 in
711 1168 871 1220 capella
906 1168 1111 1207 sacristie.
1148 1168 1299 1221 viginti
1335 1167 1495 1206 denarii
1529 1168 1647 1219 parui
1680 1179 1788 1219 equa
1823 1168 1943 1208 lance
1976 1167 2064 1207 dis-

199 1240 440 1279 tribucionis
488 1238 591 1278 duos
633 1238 801 1278 cuilibet
844 1237 979 1276 dando
1030 1238 1070 1275 in
1118 1236 1299 1289 quolibet
1351 1236 1527 1276 sabbato
1576 1236 1796 1276 cuiuslibet
1838 1236 2066 1276 ebdomade

200 1309 448 1348 diuidantur.
513 1308 566 1347 Et
599 1308 706 1346 lianc
740 1306 982 1345 diuisionem
1015 1305 1241 1357 predictam
1276 1317 1352 1345 seu
1386 1305 1661 1357 predictorum
1693 1317 1809 1345 meus
1842 1317 2066 1346 successor

199 1379 237 1417 in
281 1390 372 1418 mea
414 1376 629 1429 prebenda
671 1388 746 1416 seu
780 1387 1056 1415 successores
1098 1374 1324 1414 secundum
1371 1386 1448 1413 sue
1491 1374 1764 1415 discrecionis
1806 1386 1984 1414 normam
2025 1379 2066 1414 et

199 1459 274 1486 sue
308 1447 574 1486 consciencie
609 1446 846 1496 puritatem.
896 1445 973 1483 1101·
1008 1450 1048 1484 et
1082 1444 1254 1497 singula
1297 1443 1517 1494 disponent
1551 1445 1705 1497 vigore
1741 1448 1941 1495 perpetuo
1975 1444 2063 1483 dis-

199 1515 426 1567 pensanda.
473 1515 518 1554 Si
562 1520 698 1554 autem
745 1526 859 1553 meus
903 1513 1114 1565 predictus
1161 1525 1397 1552 successor.
1451 1524 1526 1551 seu
1569 1524 1856 1552 successores.
1903 1524 2063 1566 guerra

198 1589 422 1638 grauante.
457 1589 606 1623 statum
640 1595 851 1623 comunem
886 1583 925 1621 in
959 1581 1157 1633 predictis
1191 1581 1464 1633 prouentibus
1498 1580 1738 1621 lederentur
1772 1593 1845 1633 per
1870 1580 2063 1620 destruc-

198 1655 368 1695 cionem.
417 1665 492 1693 seu
538 1653 716 1704 aliquam
759 1652 1054 1691 uastacionem.
1103 1655 1143 1690 et
1189 1650 1267 1690 hoc
1310 1648 1568 1690 manifestum
1611 1656 1652 1690 et
1696 1650 1899 1702 publicum
1941 1648 2064 1690 suerit

198 1722 370 1762 dominis
404 1723 505 1761 meis
539 1722 752 1761 canonicis
795 1726 836 1760 et
876 1720 969 1759 aliis
1011 1720 1198 1771 pluribus
1242 1720 1382 1771 probis
1424 1720 1540 1758 viris.
1585 1731 1638 1759 ex
1680 1724 1777 1758 tunc
1819 1731 1844 1758 a
1876 1718 2063 1770 predicta

197 1791 401 1830 diuisione
443 1795 754 1830 memoratorum
796 1794 1068 1841 prouentuum
1109 1789 1392 1840 suportabitur
1434 1800 1511 1828 seu
1553 1788 1918 1840 supportabuntur.
1963 1800 2063 1839 pre-

197 1861 292 1899 dicti
328 1861 403 1900 mei
438 1871 726 1899 successores.
774 1864 854 1898 tam
898 1858 979 1897 diu.
1028 1858 1161 1897 donec
1198 1859 1347 1897 iterato
1391 1857 1666 1909 predictorum
1707 1857 1904 1896 bonorum
1946 1856 2064 1896 ualor

199 1934 425 1969 recrescat.
469 1933 510 1969 et
544 1926 803 1968 reformetur.
870 1928 1073 1967 Preterea
1116 1927 1273 1965 domum
1312 1938 1441 1966 meam
1476 1926 1527 1966 do
1561 1931 1602 1966 et
1635 1924 1807 1966 consero
1840 1936 1929 1965 meo
1962 1937 2062 1965 suc-

197 2000 356 2038 cessori
399 2009 476 2038 seu
519 1997 839 2037 successoribus
881 1998 982 2036 meis
1025 1997 1065 2035 in
1107 2000 1349 2047 perpetuum
1391 1996 1656 2036 successuris
1697 1994 1749 2034 ad
1796 1994 2062 2045 prebendam.

197 2068 359 2119 capelle
402 2068 533 2106 sancti
567 2067 774 2106 ‚Iohannis
811 2067 992 2117 baptiste
1037 2066 1138 2104 Item
1177 2065 1256 2104 tria
1298 2065 1503 2116 quartalia
1545 2065 1584 2103 in
1618 2075 1785 2115 precaz.
1832 2074 1915 2115 que
1947 2063 2062 2102 solus

197 2138 297 2176 meis
332 2138 508 2188 propriis
542 2136 725 2176 denariis
759 2136 996 2186 conparaui.
1031 2134 1219 2188 adiungo
1256 2134 1376 2173 laneo
1417 2133 1556 2172 dotali.
1591 2144 1710 2185 quem
1749 2132 1878 2171 solum
1912 2131 2062 2171 ibidem

197 2207 333 2245 inueni
370 2230 424 2234 ——
461 2206 664 2245 l'reterea
698 2205 793 2257 quia
826 2216 927 2243 area
962 2205 1001 2242 in
1036 2215 1118 2255 qua
1143 2203 1286 2242 domus
1310 2214 1400 2242 mea
1434 2206 1499 2242 est
1532 2203 1625 2241 sita.
1660 2205 1702 2241 et
1734 2204 1986 2241 constructa.
2021 2204 2064 2240 et

196 2275 331 2314 adhuc
364 2275 445 2314 alia
479 2274 620 2314 domus
655 2274 802 2313 domini
830 2273 941 2313 Petri
975 2273 1120 2311 vicarii
1151 2272 1252 2311 socii
1279 2272 1367 2310 11101.
1403 2274 1468 2310 est
1491 2271 1531 2309 in
1563 2269 1708 2310 eadem
1731 2281 1834 2309 area
1857 2269 2061 2309 situanda.

199 2350 239 2383 et
272 2343 566 2383 construenda.
613 2344 666 2383 de
708 2354 789 2395 qua
823 2347 939 2394 parte
981 2353 1083 2381 aree
1125 2352 1206 2392 que
1240 2351 1329 2379 mea
1364 2340 1485 2379 etiam
1520 2343 1623 2379 erat.
1670 2341 1819 2390 sponte
1857 2341 1898 2378 et
1930 2337 2062 2378 libere

198 2417 321 2452 cessi.
357 2413 489 2453 eidem
516 2418 645 2464 petro.
685 2413 740 2451 Vt
761 2416 854 2463 post
877 2415 1043 2450 mortem
1069 2410 1199 2461 ipsius
1226 2409 1312 2460 pari
1339 2408 1582 2448 condicione
1606 2419 1682 2447 suo
1715 2407 1953 2447 successori
1986 2417 2063 2445 seu

197 2482 515 2521 successoribus
550 2483 589 2520 in
624 2486 863 2533 perpetuum
898 2480 1163 2519 successuris
1197 2478 1355 2517 domum
1389 2490 1505 2517 suam
1528 2478 1773 2531 resignaret
1805 2474 2061 2516 conserendo

199 2550 371 2589 eandem
405 2551 454 2589 311
499 2550 749 2601 prebendam
792 2550 935 2588 altaris
973 2561 1006 2587 8.
1042 2547 1287 2587 Katlierine.
1335 2558 1455 2598 quam
1496 2547 1587 2598 ipse
1630 2557 1738 2585 nunc
1778 2544 1976 2597 possidet.
2020 2546 2061 2583 et
