2217 2829
980 147 1064 185 251

97 289 215 329 festis
250 289 353 340 petri
397 292 437 325 et
484 285 589 335 pauli
633 285 907 335 apostolorum
951 290 990 322 et
1024 285 1196 323 omnium
1238 292 1472 325 sanctorum
1514 300 1562 326 ac
1606 289 1643 326 in
1687 289 1955 330 dedicat-ione

97 359 226 409 ipsius
260 356 442 395 ecclesie
477 354 734 392 accesserint
778 354 955 391 annatim
997 359 1065 390 aut
1109 354 1175 403 qui
1219 354 1269 391 ad
1309 367 1452 393 nouam
1486 362 1710 395 stuc-turam
1744 360 1953 408 (structu-

99 438 179 464 ram
194 427 228 471 Ἰ.
284 422 495 461 fabricam.
553 422 875 472 reparacionem.
929 422 1140 459 luminaria
1184 431 1419 462 ornamenta
1472 436 1545 463 scu
1588 426 1667 464 alia
1711 429 1953 467 necessaria

98 474 226 544 ipsius
261 491 441 530 ecclesie
484 502 627 528 manus
671 491 932 540 porrexerint
975 489 1200 529 adiutrices
1245 492 1309 529 uel
1344 493 1410 542 qui
1454 494 1492 530 in
1529 494 1630 531 bona
1668 496 1731 532 sui
1765 498 1951 546 corporis

97 562 275 599 sanitate
316 571 390 597 scu
434 559 561 597 eciam
598 559 636 595 in
671 559 867 596 extremis
906 558 1143 596 laborantes
1179 559 1397 610 quidquam
1440 573 1604 599 suarum
1648 562 1833 613 predicte
1876 576 1950 603 ec-

97 629 227 667 clesie
262 627 447 667 dederint
493 627 557 664 uel
593 627 829 679 legauerint
865 625 1125 678 facultatium
1173 628 1300 666 eciam
1343 630 1408 678 qui
1445 628 1552 668 dicte
1586 631 1768 670 ecclesie
1801 633 1948 682 pleba-

96 709 188 734 num
222 708 310 734 cum
343 706 517 745 corpore
551 693 706 733 Christi
750 695 814 733 uel
849 706 971 732 sacra
1004 696 1181 734 uncione
1214 694 1390 735 infirmos
1425 698 1656 738 uisitantem
1691 699 1841 739 deuote
1874 714 1948 740 as-

95 765 345 803 sociauerint
379 763 465 802 Nos
499 762 550 801 de
583 763 872 813 omnipotentis
907 763 970 802 dei
1005 763 1284 802 misericordia
1321 771 1361 803 et
1394 766 1605 805 beatorum
1634 769 1738 818 petri
1773 773 1813 807 et
1837 770 1947 820 pauli

93 832 368 882 apostolorum
403 832 492 870 eius
526 832 782 882 omniumque
816 837 1050 870 sanctorum
1083 833 1259 885 meritis7
1302 835 1522 874 autoritate
1557 834 1711 875 contisi.
1775 836 1945 891 Singuli

93 904 274 938 nostrum
306 899 500 953 singulas
535 899 815 952 quadraginta
859 899 1014 939 dierum
1049 901 1333 955 indulgentias
1377 902 1427 941 de
1469 904 1661 943 iniunctis
1703 905 1781 943 sibi
1825 907 1945 956 peni-

92 968 230 1007 tentiis
265 969 304 1006 in
337 968 497 1007 domino
531 967 852 1006 misericorditer
885 969 1120 1008 relaxamus
1154 969 1378 1009 dummodo.
1422 971 1631 1010 diocesani
1666 975 1858 1013 uoluntas
1892 975 1943 1013 ad

91 1036 129 1074 id
163 1037 367 1075 acceserit
402 1042 441 1075 et
475 1048 718 1075 consensus.
782 1036 829 1074 ln
863 1037 979 1075 cuius
1013 1038 1086 1087 reij
1122 1039 1391 1078 testimonium
1421 1045 1639 1090 presentes
1670 1042 1829 1081 litteras
1863 1055 1943 1082 no-

90 1110 263 1143 strorum
297 1105 528 1157 sigillorum
563 1103 733 1144 fecimus
762 1106 990 1155 apensione
1022 1107 1166 1145 muniri
1198 1107 1348 1146 Datum
1373 1108 1504 1147 Rome
1536 1121 1643 1149 anno
1679 1110 1824 1149 domini
1850 1112 1941 1150 mil-

91 1173 244 1212 lesimo.
279 1171 408 1213 CCC.
443 1172 700 1224 pontificatus
734 1173 878 1212 domini
913 1172 1128 1213 Bonifacii.
1164 1188 1282 1226 pape.
1317 1177 1452 1215 octaui
1485 1168 1593 1216 anno
1628 1184 1761 1218 sexto.

250 1241 337 1280 Nos
371 1254 472 1282 vero
505 1243 722 1281 Joliannes
756 1243 819 1281 dei
853 1243 1001 1297 gracia
1027 1242 1263 1296 Pragensis
1298 1245 1520 1296 episcopus
1555 1246 1632 1285 loci
1662 1247 1940 1301 dyocesanus7

86 1310 161 1349 lias
195 1310 487 1365 indulgencias
521 1317 633 1350 ratas
667 1318 705 1350 et
738 1317 887 1366 gratas
921 1313 1124 1352 habentes
1158 1314 1403 1353 auctoritate
1437 1326 1517 1365 qua
1544 1313 1754 1369 t'unginnn·
1787 1316 1938 1356 contir-

84 1391 250 1418 mamus.
324 1380 415 1418 XL.
468 1379 556 1419 dies
599 1381 853 1419 auctoritatis
895 1385 1037 1421 nostre
1088 1382 1314 1421 huiusmodi
1359 1384 1651 1422 remmissionis
1693 1389 1733 1424 et
1773 1388 1936 1439 gracie7

84 1448 371 1502 Indulgenciis
405 1447 688 1487 fauorabiliter
720 1454 993 1489 annectentes
1028 1450 1196 1500 eisdem,
1230 1452 1459 1490 testimonio
1493 1451 1612 1491 huius
1642 1454 1797 1505 scripti.
1844 1454 1934 1494 Sub

83 1528 190 1555 anno
233 1516 391 1555 domini.
438 1517 672 1556 Millesimo.
717 1516 845 1558 CCC.
880 1518 954 1556 ln.
1021 1519 1138 1557 VIII.
1173 1519 1270 1558 Idus
1304 1520 1458 1571 Martij.
1527 1520 1791 1561 l’ontiticatus
1831 1536 1933 1563 vero

84 1585 211 1623 nostri
244 1596 351 1624 anno
385 1585 581 1624 secundo.

390 1682 530 1725 (sigilla
555 1685 615 1716 Xl.
641 1687 746 1716 omnia
770 1686 897 1727 laesa.)
943 1686 995 1717 Ex
1017 1687 1165 1728 originali
1186 1688 1214 1717 in
1240 1688 1376 1719 archivo
1402 1688 1549 1730 cjusdem
1576 1692 1775 1721 monastcrii.

898 1833 1116 1874 CXLVII.

78 1942 216 1981 Jntlm
250 1942 302 1980 do
338 1942 499 1981 Hode'ce
533 1945 698 1996 confert
740 1945 939 1983 ecelesiae
973 1947 1013 1984 ἰή
1050 1941 1269 1985 Zeletauta
1305 1949 1500 1998 ‹pantulf›
1540 1962 1663 1988 suum
1700 1951 1740 1988 in
1779 1950 1928 1990 Hado-

404 2012 490 2062 njn.
558 2012 655 2050 mo.
692 2013 877 2062 Iylare‘ae
913 2014 993 2052 III.
1029 2014 1215 2054 Kalend.
1251 2016 1422 2067 Aprilis.
1463 2017 1601 2056 1303.

239 2119 373 2169 Jutka
408 2131 459 2169 de
492 2131 650 2169 llodicz
686 2133 866 2172 ecclesie
908 2140 944 2171 et
980 2135 1156 2185 plebano
1191 2136 1228 2173 in
1271 2136 1462 2175 Zeletaw
1507 2138 1694 2188 quartale
1736 2151 1851 2176 suum
1885 2140 1924 2177 in

79 2198 276 2237 Radonim
324 2199 523 2249 quondam
567 2200 762 2239 Jesconis
806 2200 945 2239 fratris
986 2204 1048 2241 sui
1091 2203 1263 2243 confert.
1342 2207 1417 2243 His
1464 2211 1595 2245 autem
1649 2205 1923 2245 interfuerunt

66 2268 230 2305 testes:
264 2267 525 2305 Hermannus
560 2268 759 2317 plebanus
793 2269 844 2307 de
876 2271 1085 2309 Reusclie.
1149 2273 1277 2311 Jesco
1312 2274 1444 2312 dictus
1478 2274 1529 2312 de
1565 2274 1761 2313 Bilcowe.
1814 2276 1920 2313 Abel

75 2340 115 2373 et
151 2334 370 2373 Pertoldus
404 2334 594 2374 cruciferi
630 2336 770 2375 domus
809 2338 845 2375 in
882 2339 1179 2390 'l'empilstayin
1245 2342 1449 2380 l‘lietlinus
1491 2349 1527 2380 et
1564 2343 1790 2382 Knnradus
1833 2343 1920 2382 sra-

75 2409 161 2440 tres
195 2402 246 2441 de
279 2402 488 2441 Slawicz.
537 2416 612 2441 nec
646 2417 723 2443 non
759 2406 823 2443 alii
859 2408 1101 2457 complures.
1173 2409 1317 2448 Datum
1362 2411 1398 2447 in
1435 2411 1550 2462 Ygla
1596 2411 1668 2449 lll.
1706 2412 1920 2450 Kalendas

74 2470 229 2519 Aprilis
265 2470 505 2509 „ll(⁴(⁴(¹lll.

384 2554 408 2583 E
435 2554 572 2584 vidimus
597 2554 637 2585 ‹le
663 2564 745 2585 anno
778 2555 872 2587 ¹620
896 2559 925 2587 in
951 2560 1041 2588 curia
1067 2559 1220 2589 Teii-cusi
1246 2564 1327 2589 extr.
1356 2559 1483 2602 llorkj'u
