2217 2829
986 102 1080 141 119

104 246 180 284 iam
214 244 325 284 sacta
357 244 510 285 suerint
544 244 724 283 debeant
758 240 954 293 expedite
987 252 1076 279 cum
1111 238 1285 278 falerato
1317 238 1527 278 dextrario
1554 237 1782 276 deserture.
1848 236 1960 274 'l'er-

104 314 206 352 ciam
248 318 383 353 autem
426 317 581 364 partem
624 312 821 350 bonorum
863 310 1021 348 illorum
1063 309 1235 346 omnium
1278 312 1318 346 et
1358 307 1574 345 utilitatum
1618 317 1697 357 que
1740 306 1778 343 in
1819 305 1961 344 eodem

105 394 273 421 nemore
306 383 397 421 siue
430 382 537 420 silua
570 379 666 419 liunt
698 392 774 430 per
807 377 974 418 eosdem
1008 388 1085 416 sev
1110 377 1253 415 valent
1282 376 1517 427 aliqualiter
1541 375 1767 425 procurari7
1801 374 1852 411 ad
1887 386 1962 412 nos

105 454 143 489 et
178 461 452 489 successores
485 454 664 501 nostros„
699 453 739 487 et
772 447 823 486 ad
857 450 1037 485 nostram
1070 456 1146 496 per
1170 455 1435 495 consequens
1467 444 1685 482 ecclesiam
1712 441 1961 481 olomucen-

105 530 190 557 sem
225 518 412 557 volumus
446 519 670 569 pertinere.
734 516 864 556 Saluo
898 520 1034 553 tamen
1067 525 1138 561 eo,
1173 512 1281 564 quod
1314 512 1435 551 iidem
1471 511 1678 552 Gerlacus
1713 516 1753 549 et>
1785 512 1846 549 sui
1882 512 1960 549 lie-

107 586 232 625 redes
265 586 477 625 habebunt
510 590 551 624 et
583 585 741 624 habere
775 583 926 622 debent
953 583 1142 636 regimen
1176 583 1307 621 tercie
1340 582 1470 632 partis
1507 584 1649 619 nostre
1683 584 1721 619 et
1758 580 1960 627 iudiciunn

106 654 211 693 sicut
245 666 410 693 suarum
454 654 624 692 duarum
666 653 846 703 parcium
889 651 1164 702 predictarum
1206 662 1295 688 cum
1338 650 1443 688 omni
1481 650 1594 699 ἰιπθἼ
1642 652 1818 699 excepto
1854 648 1959 699 quod

104 721 264 761 fructus
306 727 347 762 et
388 726 615 773 prouentus
650 721 802 760 exinde
844 721 1155 771 prouenienteffi
1201 719 1308 770 siqui
1354 718 1533 757 deriuari
1581 718 1632 756 de
1674 721 1791 768 parte
1834 717 1961 755 tercia

105 794 310 843 poterunt7
344 791 462 830 nobis
496 794 536 829 et
570 790 889 829 successoribus
923 789 1075 828 nostris
1099 791 1292 827 tenentur
1325 799 1379 826 ex
1404 788 1574 840 Inte-gro
1603 785 1837 825 fidelissime
1862 797 1961 836 pre-

106 862 288 897 sentare.
362 859 421 897 vt
462 870 565 897 vero
607 869 734 909 super
775 857 852 897 hoc
893 857 1029 895 nullus
1071 857 1356 910 ambiguitatis
1400 856 1621 906 scrupulus
1663 856 1840 901 oriatur„
1887 855 1962 894 sed

105 927 253 966 stabile
287 939 335 965 ac
370 925 521 965 firmum
553 927 593 965 in
627 930 867 977 perpetuum
901 925 1008 977 quod
1042 924 1214 964 fecimus
1246 927 1514 975 perseueret7
1557 936 1733 975 presens
1767 925 1961 975 scriptum

105 999 183 1034 tam
233 999 373 1035 nostro
416 1006 536 1046 quam
579 995 744 1046 capituli
786 995 915 1033 nostri
961 994 1116 1047 sigillis
1159 992 1330 1033 fecimus
1373 993 1573 1033 roborari.
1644 993 1799 1032 Testes
1842 994 1961 1031 etiam

105 1062 226 1101 huius
261 1061 372 1102 feudi
406 1064 534 1102 nostri
570 1067 665 1102 sunt
697 1063 765 1101 liii.
831 1062 1074 1112 Bvdyzlaus
1108 1062 1305 1102 decanus.
1371 1059 1512 1112 Cyrus
1553 1062 1800 1112 prepositus.
1868 1062 1961 1099 Fri-

107 1131 272 1170 dericus
306 1131 652 1181 archydiaconus.
695 1132 855 1182 prelati.
899 1132 1113 1185 Magister
1144 1131 1403 1170 Ambrosius.
1457 1130 1653 1170 Andreas
1688 1135 1728 1169 et
1762 1131 1962 1169 Teclion-

106 1200 187 1238 tius
221 1201 420 1238 canonici.
486 1200 641 1238 Paulus
674 1201 926 1239 camerarius
960 1204 1114 1239 noster.
1178 1200 1391 1249 Nycolaus
1425 1199 1476 1238 de
1510 1199 1870 1239 Scliowenbvrcli.
1923 1204 1963 1238 et

106 1267 347 1306 Bolivzlaus
381 1268 432 1307 de
467 1266 633 1307 Crazna
667 1269 826 1308 milites.
892 1268 1062 1321 Lvdco7
1105 1266 1325 1307 Conradus
1359 1272 1400 1307 et
1432 1268 1678 1308 Herbordus
1712 1267 1764 1307 de
1797 1267 1962 1307 Seclio-

106 1337 187 1374 wiz
223 1334 375 1389 l'amuli7
409 1342 449 1375 et
482 1337 551 1375 alii
585 1348 704 1388 quam
738 1337 896 1388 plurimi
929 1337 1070 1376 clerIci
1104 1340 1145 1375 et
1178 1337 1284 1386 layci
1320 1334 1398 1375 fide
1432 1336 1564 1390 digni.
1610 1337 1761 1375 Datum
1796 1337 1835 1375 in
1861 1335 1963 1375 Olo-

107 1416 197 1442 muz
231 1416 338 1443 anno
373 1404 521 1443 domini
553 1404 657 1443 Mill.
692 1405 869 1444 Ducent.
902 1405 1009 1444 Non.
1043 1405 1174 1444 Nono.
1209 1405 1305 1443 ΧΠ.
1339 1405 1556 1444 Kalendas
1590 1405 1850 1444 Nouembris.

415 1503 467 1534 Ex
492 1504 574 1545 orig.
600 1513 670 1535 curn
697 1503 824 1534 duobus
850 1505 969 1545 sigillis
994 1505 1132 1545 integris
1158 1505 1187 1534 in
1213 1504 1349 1535 archivo
1375 1504 1654 1545 archiepiscopali
1681 1504 1836 1535 Cremsir.

966 1650 1101 1691 CXV.

113 1760 418 1800 Theodericus.
453 1764 673 1813 episcopus
706 1763 1020 1813 Olomucensis„
1054 1764 1343 1813 indulqenllas
1375 1766 1629 1803 veonuslcre’o
1663 1765 1963 1816 Rayhrademi

384 1843 408 1867 a
439 1830 634 1880 pluribus
667 1833 871 1883 episcopi-s·
904 1832 1103 1881 elamitas
1135 1833 1367 1884 confirmat.
1430 1834 1505 1872 Ao.
1547 1833 1685 1871 1300.

263 1936 492 1988 Uniuersis
526 1954 670 1989 sancte
703 1952 843 1989 matris
877 1952 1070 1990 ecclesie.
1105 1951 1154 1990 ad
1190 1964 1293 2003 quos
1326 1959 1547 2003 presentes
1582 1954 1716 1991 littere
1749 1966 1958 2003 peruene-

109 2017 189 2054 rint
222 2040 275 2043 ——
323 2017 410 2055 Nos
453 2019 725 2057 miseracione
768 2019 918 2058 diuina.
982 2021 1164 2059 Basilius
1205 2022 1565 2060 Jerosolimitanus
1607 2021 1958 2073 archiepiscopus.

107 2084 381 2135 Adenulphus
416 2098 622 2124 consanus
656 2087 1007 2138 archiepiscopus.
1041 2088 1173 2127 Adam
1204 2090 1464 2128 Maturanus.
1500 2090 1681 2128 Thomas
1712 2090 1957 2129 Etesicnsis.

108 2153 304 2205 Angelus
339 2155 598 2204 puteolanus.
645 2155 871 2194 Nicholaus
905 2157 1291 2207 Epicortibulensis.
1340 2159 1545 2209 Episcopi.
1588 2159 1759 2197 salutem
1794 2162 1835 2197 et
1867 2160 1957 2198 sin—

108 2232 243 2259 ceram
279 2222 316 2259 in
353 2222 510 2261 domino
545 2225 768 2262 caritatem.
811 2223 1020 2275 Splendor
1053 2229 1226 2276 paterne
1259 2227 1397 2279 glorie.
1431 2228 1497 2277 qui
1532 2240 1607 2265 sua
1641 2227 1829 2267 mundum
1863 2228 1957 2266 illu-

108 2289 232 2326 minat
266 2289 457 2328 ineffabili
485 2291 685 2331 claritate.
738 2292 813 2331 l‘ia
836 2296 931 2332 uota
957 2292 1130 2332 fidelium
1166 2294 1217 2333 de
1242 2295 1558 2333 clementissima
1592 2296 1718 2346 ipsius
1742 2297 1957 2336 maiestate

107 2358 367 2407 sperancium
402 2363 496 2396 tunc
531 2360 726 2410 precipue
759 2360 945 2415 benigno
987 2361 1133 2402 fauore
1175 2364 1442 2414 prosequitur
1483 2363 1633 2403 deuota
1667 2365 1843 2414 ipsorum
1876 2365 1955 2403 liu-

107 2425 254 2463 militas
288 2432 519 2465 sanctorum
555 2428 745 2478 precibus
779 2434 819 2468 et
851 2431 1005 2469 meritis
1038 2431 1268 2470 adiuuatur.
1316 2430 1544 2482 Cupientes
1578 2433 1708 2485 igitur
1741 2437 1782 2472 ut
1816 2433 1956 2472 eccle-

108 2494 170 2531 sia
203 2495 308 2532 santi
347 2495 455 2533 l'ctri
491 2497 529 2534 in
566 2497 782 2550 Raygrad.
827 2497 1109 2538 Olomocensis
1152 2499 1331 2538 diocesis
1365 2502 1567 2553 congruis
1610 2501 1833 2540 honoribus
1867 2500 1955 2541 sre-
