2217 2829
1109 167 1138 205 2

222 302 546 352 inpetitionibus7
590 305 629 339 et
671 301 876 339 iniuriosis
909 299 1232 354 fatigacionibus
1270 306 1410 340 contra
1450 303 1654 353 quoslibet
1695 308 1835 344 nostre
1876 307 2063 346 tuicionis

221 370 410 420 presidiis
444 367 758 408 defemlendum.
822 368 1209 419 Supplicacionibus
1242 370 1381 420 itaque
1405 369 1657 409 honorabilis
1690 373 1767 410 viri
1791 374 1939 412 Jacobi
1963 386 2062 424 pre-

220 439 337 488 positi
382 437 517 475 dilecti
557 437 674 475 nobis
717 436 899 475 eiusdem
943 437 1188 476 Monasterii
1214 467 1249 475 ..
1292 437 1505 477 abbatisse
1547 442 1589 477 et
1629 444 1857 479 conuentus
1899 453 1947 479 ac
1988 453 2063 481 suo

221 506 379 544 nomine
413 505 530 543 nobis
564 504 766 542 humiliter
807 505 1074 555 supplicantis
1108 505 1332 558 benignius
1367 506 1562 557 inclinati7
1604 507 1901 547 Monasterium
1935 509 2063 559 ipsum

220 579 257 611 et
293 574 513 611 vniuersas
547 573 836 623 possessiones
879 586 927 611 ac
960 573 1144 612 homines
1187 574 1276 611 eius
1320 574 1524 625 quoslibet
1563 576 1772 614 eximimus
1806 580 1846 615 et
1879 580 2064 616 exemtos

220 654 292 679 eos
326 652 421 679 esse
455 641 640 679 volumus
670 641 863 683 ammodo.
898 654 969 679 a..
1005 639 1256 681 Camerario.
1291 646 1331 680 et
1356 642 1704 681 Lantln·ichteriis
1734 656 1808 682 seu
1843 644 1991 683 villicis
2016 657 2066 684 ac

219 710 309 747 aliis
343 707 584 747 officialibus
616 709 807 747 Morauie
841 710 905 760 qui
951 722 1021 759 pro
1057 716 1237 760 tempore
1281 708 1431 748 suerint
1466 711 1544 761 ita7
1585 714 1624 748 ut
1661 723 1748 749 cum
1791 712 1877 762 ipso
1910 713 2063 751 Mona-

218 778 344 815 sterio
379 782 417 816 et
452 777 678 815 bominibus
712 790 760 815 ac
794 778 1128 827 possessionibus
1161 779 1247 815 suis
1283 778 1455 816 vlterius
1488 779 1652 828 penitus
1685 779 1806 817 nichil
1842 784 1986 834 agant7
2025 785 2066 820 et

219 845 267 883 ad
305 845 574 896 inponendum
610 846 684 883 iam
719 845 812 883 dicti
847 846 1091 883 Monasterii
1127 846 1353 884 bominibus
1386 847 1566 884 seruicia
1600 850 1638 884 et
1674 848 1923 887 exact-iones
1957 860 2062 899 qua-

222 914 447 964 lescunque
482 914 628 951 nullam
663 913 839 952 babeant
877 918 1116 964 potestatem
1160 926 1235 952 nec
1269 914 1444 965 aliquam
1477 914 1805 953 iurisdiccionem
1847 927 1901 954 ex
1934 914 2064 956 officio

219 995 293 1020 suo
328 981 378 1020 de
412 982 511 1032 ipsis
545 982 620 1019 sibi
655 981 834 1020 audeant
868 982 1128 1032 aliquatenus
1163 982 1358 1032 deinceps
1384 983 1590 1033 vsurpari„
1626 983 1816 1022 volentes
1850 983 1956 1034 quod
1990 996 2064 1022 su-

221 1062 292 1100 per
326 1050 415 1095 hiis„
451 1054 628 1089 nostrum
664 1050 933 1088 tantummodo
965 1050 1200 1089 attendatur
1228 1051 1411 1100 speciale
1443 1050 1684 1095 mandatum„
1718 1063 1791 1101 per
1824 1064 1913 1090 eum
1948 1064 2064 1103 quem

219 1118 268 1156 ad
305 1118 379 1157 lioc
414 1118 649 1156 duxerimus
683 1118 969 1168 deputznidum.
1020 1119 1215 1157 l'reterea
1252 1119 1302 1157 de
1327 1120 1476 1171 gracia
1509 1119 1677 1169 speciali
1709 1124 1853 1158 tenore
1887 1132 2064 1170 presen-

220 1189 269 1225 tis
303 1187 510 1239 priuilegii
545 1188 758 1225 statuimus
792 1195 829 1225 et
866 1187 1091 1225 inhibemus
1118 1198 1321 1237 expresse
1347 1194 1487 1225 nostre
1510 1188 1658 1239 gracie
1691 1188 1767 1226 sub
1798 1189 1979 1235 obtentm
2015 1199 2065 1227 ne

220 1256 310 1306 quis
345 1255 546 1293 Baronum
581 1261 619 1293 et
654 1255 856 1293 Nobilium
890 1260 1089 1293 terrarum
1124 1259 1353 1293 nostrarum
1380 1256 1545 1293 Boemie,
1579 1260 1620 1294 et
1648 1255 1837 1295 Mon-anie
1871 1255 2065 1296 decetero

221 1323 480 1374 procedendo
513 1323 562 1361 ad
599 1324 758 1374 aliquas
784 1323 1077 1373 expediciones
1111 1328 1150 1361 et
1175 1323 1270 1361 alia.
1306 1324 1451 1374 queuis
1485 1324 1661 1361 seruicia
1696 1328 1836 1362 nostra
1870 1324 1949 1362 ullo
1975 1336 2064 1362 um-

222 1404 338 1443 quam
374 1398 553 1441 tempore
597 1393 634 1429 in
680 1393 794 1429 bonis
838 1391 1017 1430 eiusdem
1053 1392 1296 1429 Jlonasterii
1341 1391 1392 1429 de
1426 1391 1702 1437 'l'usnowicffl
1746 1396 1952 1442 presumat
1985 1392 2064 1430 ali-

222 1466 424 1511 quatenus
468 1460 662 1510 hospitari
698 1472 772 1498 seu
809 1460 1101 1510 pabulationes
1135 1472 1182 1497 ac
1217 1460 1319 1497 alias
1352 1460 1580 1497 violencias
1624 1461 1872 1498 committere
1906 1461 1943 1498 in
1978 1461 2064 1499 eis-

222 1529 322 1567 dem.
386 1528 500 1575 Quod
536 1530 569 1566 si
606 1530 696 1579 quis
731 1533 871 1566 contra
907 1528 1191 1566 inllibicionem
1226 1532 1401 1565 nostram
1437 1526 1660 1565 huiusmodi
1705 1532 1947 1578 attemptare
1984 1529 2063 1566 ali—

221 1597 314 1648 qnid
358 1598 473 1634 visus
517 1595 637 1635 suerit
682 1601 858 1635 nostram
903 1597 1062 1647 ref-,riam
1109 1607 1285 1649 grauem
1332 1596 1665 1649 indignacionem
1711 1596 1976 1646 proculdubio
2017 1608 2065 1636 se

222 1666 376 1703 nouerit
414 1666 682 1703 inclusurum.
756 1666 800 1703 ln
836 1666 950 1703 cuius
986 1665 1042 1702 rei
1078 1665 1347 1703 testimonium
1381 1669 1598 1714 presentes
1633 1662 1716 1702 lieri
1760 1669 1801 1702 et
1833 1665 2062 1717 sigillorum

224 1738 450 1771 nostrorum
486 1735 700 1772 munimine
736 1732 905 1771 fecimus
939 1733 1182 1771 cotinnuniri.
1259 1733 1403 1770 Datum
1445 1733 1482 1770 in
1518 1731 1761 1777 Olonninczq
1809 1744 1882 1782 per
1920 1744 2061 1770 manus

221 1802 418 1853 Magistri
453 1802 657 1840 Joliannis
689 1800 916 1841 Saccensis
951 1802 1167 1851 prepositi„
1213 1800 1510 1839 l’rotlionotarii
1546 1800 1671 1837 nostri
1705 1800 1918 1844 Morauie„
1957 1812 2064 1839 anno

223 1870 366 1908 domini
401 1870 620 1910 Millesimo
653 1871 947 1909 Ducentesimo
972 1870 1255 1923 Nonagesimo
1284 1868 1451 1916 Quarto.
1490 1869 1539 1906 V.
1564 1867 1779 1906 Kalendas
1808 1868 2063 1907 Decembris.

224 1938 456 1977 lndiccione
490 1943 649 1976 octaua.

529 2007 556 2038 E
592 2008 834 2038 confirmatione
863 2007 1041 2045 J0}=a11nis‚
1078 2008 1169 2047 regis
1203 2006 1398 2046 Bohemiae,
1430 2007 1503 2036 anni
1540 2005 1646 2036 13¹5.
1682 2005 1736 2035 n'.
1766 2005 1844 2035 ldus
1872 2005 2005 2041 Martii,
2035 2006 2064 2036 in

631 2059 766 2089 archivo
791 2059 938 2100 ejusdem
961 2060 1160 2089 monasterii.

229 2259 448 2296 llarlle'lms
489 2262 527 2297 et
572 2260 722 2308 {sili-qo
763 2259 814 2297 ‹11›
851 2258 1005 2297 llnlma
1048 2259 1300 2296 monaslerio
1344 2257 1662 2296 ll'elelnwnlensi
1700 2256 1878 2295 mediam
1921 2256 2062 2295 villam

232 2327 413 2364 lim-hor.
460 2340 484 2364 (ι
514 2330 636 2378 palm*
673 2339 748 2365 sno
781 2328 968 2365 Ilenre'eo
1010 2327 1188 2376 [walam
1224 2328 1463 2378 conservait.
1532 2327 1629 2364 Hal.
1663 2325 1737 2363 svb
1771 2325 1838 2363 die
1879 2325 1913 2363 b.
1952 2324 2064 2364 Tho-

901 2408 994 2433 Μαι·
1028 2395 1216 2446 Apostoli
1255 2394 1390 2431 1294.

398 2473 445 2521 ln
489 2485 646 2522 nomine
689 2490 832 2523 sancte
875 2491 913 2523 et
958 2484 1164 2522 indiuiduo
1206 2484 1396 2521 trinitatis
1436 2494 1566 2520 amen.
1630 2481 1827 2529 Quoniam
1868 2482 1974 2520 sicut
2009 2481 2065 2518 ait

225 2552 435 2601 apostolus
470 2553 535 2602 qui
562 2554 733 2591 seminat
767 2553 805 2590 in
833 2552 1193 2591 benediccionibus
1228 2551 1278 2589 de
1311 2550 1673 2590 benediccimiibus
1707 2554 1745 2589 et
1780 2553 1915 2601 metet„
1948 2560 2064 2588 nemo
