2217 2829
1100 176 1194 216 172

211 312 446 350 uolentibus
481 316 523 350 et
556 313 928 352 consentientibus.
962 313 1196 354 Katherina
1229 326 1364 354 vxore
1397 327 1500 367 mea7
1534 328 1583 355 ac
1609 316 1752 355 liberis
1786 320 1827 355 et
1853 317 2079 358 heredibus

211 380 312 419 meis
358 379 567 420 videlicet.
617 379 862 420 srenchlino.
913 381 1125 422 Ekhardo.
1174 383 1372 422 Henrico.
1422 383 1669 423 Katherina.
1717 388 1758 423 et
1805 385 1857 424 de
1897 386 2079 436 ipsorum

213 449 392 498 vnanimj
428 449 640 488 uoluntate
675 449 934 488 uendicionis
968 451 1105 501 titulos!
1149 451 1222 504 do7
1263 456 1304 491 et
1337 451 1455 490 trado
1489 453 1579 491 viro
1614 452 1784 503 prouido
1819 457 1861 493 et
1893 453 2077 494 discreto

211 517 436 556 Ruenhero
471 516 564 556 Ciui
603 524 643 556 et
677 519 894 558 mercatori
929 517 1167 571 florentinm
1210 520 1482 560 molendinum
1524 532 1655 560 meum
1689 522 1808 560 situm
1843 523 1881 560 in
1915 520 2079 562 flumine

211 585 317 636 quod
353 587 617 624 swarczauia
653 592 935 637 nuncupatur„
982 600 1071 626 cum
1105 588 1226 640 villa7
1267 600 1348 640 que
1380 589 1579 628 Dorneho
1613 590 1845 640 appellatur
1877 591 1955 641 ipsi
1988 603 2076 630 mo-

211 653 375 693 lendino
409 654 643 693 adiacente.
679 667 728 693 ac
762 667 850 696 cum
885 657 1001 696 ortis.
1035 658 1171 710 agriS.
1205 658 1399 708 pomeriis
1433 662 1473 696 et
1508 656 1732 697 Curticulis
1767 659 1806 697 in
1841 659 1902 697 eis
1935 660 2076 710 pisca—

210 723 402 762 tionibus.
446 735 533 761 cum
569 724 648 761 viis
681 723 732 762 ad
768 723 873 763 idem
907 725 1180 764 molendinum
1213 725 1335 764 eundi
1370 730 1410 765 et
1443 725 1669 778 redeundj„
1712 726 1942 766 redditibus
1976 740 2077 778 pro-

210 792 427 831 uentibus.
483 792 763 844 Vtilitatibus7
821 790 1055 845 Censibus7
1110 794 1371 833 libertatibus
1414 798 1455 833 et
1497 795 1682 833 omnibus
1725 796 1993 846 pertinenciis
2036 799 2078 836 et

205 861 381 910 jin-ibus.
416 860 467 899 ad
504 860 608 899 idem
643 861 916 900 molendinum
951 863 1250 914 spectantibus„
1285 875 1358 913 pro
1393 861 1568 903 Centum
1595 863 1877 917 quadraginta
1911 876 2076 903 marca-

211 942 296 967 rum
331 930 563 968 Brvnensis
598 929 794 980 ponderis
830 934 869 969 et
903 931 1088 984 argentiq
1123 943 1228 982 quas
1262 931 1313 969 ab
1348 931 1491 971 eodem
1517 931 1745 971 Ruenhero
1779 933 1950 986 integre
1984 933 2076 972 sine

210 998 347 1049 aliqua
382 997 655 1037 diminucione
689 999 831 1050 recepi
865 1011 940 1050 per
974 999 1150 1039 eundem
1183 999 1451 1038 Ruenherum
1485 1004 1527 1039 et
1550 999 1732 1040 heredes
1766 1012 1816 1039 ac
1850 1012 2078 1041 suecesso-

211 1078 279 1105 res
314 1068 403 1106 eius
438 1066 690 1106 hereditario
727 1068 816 1107 iure
849 1068 1145 1119 imperpetuum
1179 1068 1487 1121 possidendum7
1521 1068 1796 1121 uendendum7
1831 1069 2077 1121 donandum,

211 1135 458 1189 legandum.
494 1135 823 1186 permutandum‚
858 1136 1139 1179 alienandum„
1174 1148 1432 1188 quocumque
1466 1137 1736 1176 alienacionis
1770 1137 1901 1187 tytulo
1937 1142 1978 1176 et
2009 1136 2078 1176 sa-

209 1203 398 1243 ciendum
432 1204 483 1243 de
517 1205 605 1255 ipso
640 1209 844 1256 tamquam
880 1204 930 1244 de
965 1206 1057 1244 aliis
1091 1204 1354 1244 hereditariis
1387 1206 1507 1244 bonis
1542 1206 1654 1258 eius7
1689 1206 1865 1257 quitquit
1897 1206 2001 1257 sibi,
2035 1209 2076 1246 et

211 1272 406 1323 predictis
440 1272 667 1313 heredibus
705 1286 755 1313 ac
781 1274 1100 1314 successoribus
1135 1274 1224 1313 eius
1249 1274 1452 1325 placuerit
1484 1287 1558 1325 pro
1592 1285 1668 1313 sue
1701 1274 1814 1314 libito
1839 1274 2078 1327 uoluntatis,

211 1341 262 1380 de
297 1353 375 1393 quo
410 1341 571 1393 quidem
607 1342 839 1382 molendino
874 1355 963 1382 cum
998 1343 1184 1382 omnibus
1222 1343 1496 1394 supradictis,
1538 1342 1663 1381 nichil
1696 1342 1813 1382 michi
1847 1343 1915 1382 uel
1949 1342 2078 1383 here-

212 1410 331 1449 dibus
373 1411 475 1450 meis
518 1423 567 1449 ac
610 1411 821 1463 quitquam
873 1412 941 1462 alij
986 1412 1203 1451 reseruaui
1246 1412 1311 1451 uel
1356 1423 1553 1464 reseruo7
1600 1411 1675 1451 sed
1726 1415 1850 1451 totum
1893 1411 2079 1462 predIcto

210 1479 437 1518 Ruenhero
472 1484 511 1518 et
546 1480 633 1518 suis
668 1480 896 1519 heredibus
930 1492 978 1519 ac
1013 1481 1331 1520 successoribus
1366 1480 1438 1524 doq
1482 1483 1522 1519 et
1565 1479 1682 1518 trado
1724 1491 1775 1519 ac
1808 1479 1912 1519 cedo
1945 1480 2078 1520 libere

212 1547 262 1587 de
296 1548 465 1601 eisdem‚
505 1553 544 1587 et
579 1549 612 1587 si
650 1549 716 1600 qui
754 1548 902 1588 dictum
937 1548 1210 1588 molendinum
1243 1561 1333 1587 cum
1366 1548 1564 1600 predictis
1599 1548 1784 1587 omnibus
1818 1549 1933 1588 uelut
1965 1548 2078 1587 ualet

211 1617 275 1656 uel
311 1617 454 1656 ualere
488 1617 716 1656 dinoscitur
751 1617 850 1656 illud
885 1621 1009 1657 totum
1045 1617 1150 1657 dono
1184 1617 1370 1669 predicto
1404 1616 1631 1656 Ruenhero
1670 1616 1721 1656 de
1754 1617 1895 1670 gratia
1930 1620 1971 1656 et
2002 1629 2077 1668 pro

210 1687 347 1740 gratis
383 1691 423 1725 et
456 1687 640 1737 acceptis
675 1687 867 1725 seruiciis
911 1698 991 1738 que
1025 1686 1077 1725 ab
1121 1698 1170 1726 eo
1204 1698 1266 1725 me
1301 1684 1436 1725 fateor
1468 1685 1671 1724 hactenus
1705 1685 1934 1736 recepisse.
1976 1696 2078 1736 pro-

211 1755 374 1793 mittens
417 1767 465 1793 ac
509 1755 707 1808 obligans
750 1767 813 1794 me
851 1767 900 1793 ac
944 1755 1075 1794 dictos
1121 1766 1291 1794 uxorem
1336 1760 1375 1794 et
1419 1754 1600 1793 heredes
1642 1765 1755 1793 meos
1800 1753 1907 1791 hanc
1948 1764 2077 1792 meam

213 1823 486 1863 uenditionem
521 1823 735 1874 sepedicto
771 1823 996 1863 Ruenhero
1032 1828 1070 1863 et
1105 1823 1330 1862 heredibus
1364 1835 1413 1861 ac
1447 1822 1767 1861 successoribus
1801 1822 1890 1861 eius
1925 1833 2077 1873 supra-

213 1892 331 1931 dictis
366 1896 491 1930 ratam
526 1903 690 1943 semper
725 1898 763 1931 et
800 1890 948 1931 firmam
983 1896 1143 1944 tenere„
1178 1899 1218 1931 et
1251 1896 1395 1931 contra
1429 1903 1516 1930 eam
1552 1903 1625 1942 per
1658 1902 1721 1930 me
1755 1891 1819 1929 uel
1855 1890 1977 1929 alium
2007 1895 2077 1929 aut

212 1961 315 1999 alios
350 1961 401 2000 de
435 1962 524 1999 iure
559 1961 624 1999 uel
661 1960 711 1999 de
746 1960 855 2000 facto
889 1961 1154 2012 aliquatenus
1184 1973 1263 2000 non
1289 1962 1435 2000 uenire
1471 1961 1686 2012 ipsamque
1719 1970 1883 2010 semper
1916 1958 2078 1997 deffen-

213 2029 313 2069 dere
347 2035 383 2068 et
420 2034 633 2068 antestare
675 2042 723 2068 ac
758 2029 999 2083 disbrigare
1042 2030 1081 2067 in
1116 2030 1293 2080 propriis
1327 2029 1555 2080 sumptibus
1594 2033 1635 2068 et
1669 2028 1868 2078 expensis
1901 2027 1954 2065 ab
1988 2039 2076 2065 om-

213 2099 332 2136 nibus
367 2098 594 2137 hominibus
620 2099 891 2149 omnibusque
927 2099 1112 2149 partibus
1146 2098 1223 2136 sub
1251 2110 1354 2149 pena
1390 2097 1499 2148 dupli
1535 2097 1721 2148 predicte
1749 2096 1922 2146 pecunie
1956 2106 2077 2146 quam

213 2167 264 2205 ab
306 2178 355 2205 eo
399 2168 536 2218 recepi
580 2173 620 2206 et
659 2167 951 2206 meliorationis
995 2168 1033 2205 in
1069 2166 1176 2218 quod
1214 2165 1487 2205 molendinum
1521 2165 1746 2216 predictum
1790 2169 1831 2203 et
1872 2167 1987 2203 ortus
2028 2175 2077 2202 ac

213 2235 397 2287 predicta
441 2236 570 2274 omnia
617 2236 654 2274 in
690 2234 849 2274 edificio
893 2246 970 2274 sev
1015 2236 1156 2274 labore
1199 2235 1410 2273 meliorata
1454 2234 1670 2284 parebunt.
1738 2233 1782 2270 ln
1824 2232 1903 2271 hiis
1941 2236 2075 2272 autem

212 2305 398 2343 omnibus
432 2311 471 2343 et
506 2304 689 2357 singulis
734 2316 806 2355 pro
848 2316 911 2343 me
954 2316 1003 2342 ac
1039 2304 1235 2354 predictis
1268 2315 1403 2342 vxore
1447 2302 1589 2342 liberis
1633 2301 1942 2352 heredibusque
1976 2301 2077 2339 meis

212 2374 401 2412 renuntio
436 2385 640 2424 expresse
674 2373 778 2411 omni
814 2373 1049 2423 exceptioni
1084 2385 1162 2411 non
1198 2372 1403 2411 nominate
1433 2371 1610 2421 pecunie
1645 2382 1722 2409 non
1749 2369 1964 2421 ponderati
1997 2380 2076 2408 sev

213 2453 294 2480 non
336 2442 456 2481 electi
503 2442 671 2494 argenti
716 2441 796 2492 dolj
841 2446 881 2480 et
934 2442 1229 2492 cuiuscumque
1280 2439 1536 2490 deceptionis
1587 2439 1695 2477 ultra
1737 2437 1937 2476 dimidiam
1980 2437 2075 2475 iusti

213 2511 338 2559 precii
375 2514 413 2548 et
449 2511 552 2549 omni
583 2511 689 2560 juris
723 2511 909 2549 canonici
955 2514 995 2549 et
1028 2509 1161 2548 ciuilis
1195 2509 1499 2547 constitutionis
1534 2506 1846 2547 consuetudinis
1883 2505 1950 2545 uel
1984 2508 2074 2543 sta-

214 2579 286 2616 tuti
322 2582 361 2616 et
395 2579 633 2629 specialiter
667 2580 768 2617 iuris
810 2583 923 2618 terre
957 2579 1138 2617 morauie
1181 2589 1229 2616 ac
1273 2577 1458 2628 predicte
1491 2576 1725 2615 Brvnensis
1759 2573 1952 2614 Ciuitatis
1986 2573 2074 2624 pri-
