2217 2829
991 178 1056 217 69

95 318 250 357 inducit
293 317 478 357 affectum
528 323 570 355 vt
618 328 820 368 personas
863 319 903 354 et
946 316 1075 354 locum
1118 315 1247 365 ipsius
1290 313 1526 352 :nonasterii
1569 311 1714 351 fauore
1760 312 1953 350 beniuolo

99 390 403 437 prosequentes
446 397 494 424 ea
542 386 802 436 promocione
848 383 984 422 debita
1029 394 1294 433 procuremus
1341 393 1422 433 que
1468 380 1521 419 ad
1567 380 1871 419 releuacionem
1913 384 1952 418 et

97 452 324 506 profectum
357 455 534 504 ipsorum
567 453 777 504 plurimum
801 454 1030 503 opportuna
1064 454 1302 489 noscuntur.
1366 450 1419 488 Et
1445 449 1630 500 quamuis
1663 447 1714 487 de
1746 449 1836 486 iure
1865 448 1951 497 pri-

95 533 213 561 meuo
245 522 505 574 singularum
531 521 837 572 parochiarrum
870 520 911 558 in
945 530 1047 558 Vsus
1082 519 1346 557 necessarios
1372 517 1567 556 Ecclesie
1600 516 1765 567 proprie
1799 515 1952 554 cedere

96 589 276 629 debeant
310 595 350 627 et
383 588 589 639 stipendia
621 589 906 627 ministrorum.
980 586 1083 634 Quia
1118 590 1252 625 tamen
1295 586 1409 624 iuxta
1443 596 1685 636 responsum
1718 585 1838 623 Beati
1871 583 1951 622 Je-

95 658 238 697 ronimi
270 657 441 695 liberum
475 660 539 696 est
572 657 736 695 clericis
770 660 811 695 et
835 655 1020 706 prelatis7
1055 654 1265 693 monachis
1299 658 1341 692 et
1373 653 1655 704 spiritualibus
1680 652 1798 703 viris,
1833 651 1951 690 deum

95 725 331 764 timentibus
364 728 405 764 et
438 725 669 763 colentibus
703 723 884 763 decimas
918 728 959 762 et
991 723 1229 762 oblaciones
1255 726 1487 773 cunctaque
1511 720 1693 761 remedia
1718 720 1953 759 concedere

97 798 138 832 et
171 793 222 832 de
255 794 344 832 iure
376 805 451 831 suo
485 794 525 830 in
559 792 749 830 iudicium
782 792 941 830 illorum
974 796 1015 830 et
1049 804 1167 830 vsum
1200 789 1431 829 transferre
1465 801 1543 828 nec
1576 794 1655 828 tam
1689 790 1729 827 in
1753 789 1951 839 pauperi-

95 861 173 900 bus
207 864 487 911 paupertatem
531 872 650 911 quam
682 860 950 913 Religionem
991 859 1220 899 attendere.
1299 858 1401 898 Cum
1435 859 1574 909 itaque
1614 858 1677 895 ius
1711 861 1953 908 patronatus

96 928 291 968 Ecclesie
336 929 376 966 in
418 929 593 967 Lucens-
634 929 725 967 siue
767 929 805 966 in
840 928 1052 979 Blucium
1100 932 1242 966 nostre
1280 927 1497 978 dyocesis,
1543 938 1618 977 per
1649 925 1953 965 Serenissimos

96 997 305 1048 principes
340 996 522 1035 dominos
556 1001 720 1035 nostros
750 997 916 1049 Regem
950 1001 991 1035 et
1025 997 1232 1049 Reginam
1258 995 1454 1034 Bohemie
1478 994 1830 1044 Marchionesque
1854 992 1952 1031 Mo-

97 1066 227 1116 rauie‚
261 1064 312 1103 ad
347 1077 449 1115 quos
483 1065 575 1103 olim
608 1065 826 1115 spectabat
859 1065 934 1102 iam
968 1064 1122 1114 pridem
1156 1065 1197 1102 in
1231 1064 1457 1116 religiosos
1487 1063 1600 1101 viros
1634 1061 1842 1112 predictos
1875 1061 1953 1099 ab-

98 1132 231 1171 batem
273 1139 313 1172 et,
354 1137 600 1171 conuentum
633 1132 881 1171 Monasterii
929 1132 979 1172 de
1011 1132 1098 1171 Zar
1131 1130 1281 1182 prefati
1327 1136 1368 1170 et
1410 1131 1450 1169 in
1491 1131 1622 1181 ipsum
1663 1130 1952 1169 monasterium

98 1201 176 1239 rite
209 1204 249 1238 et
283 1201 589 1239 racionabiliter
632 1201 737 1239 iusto
781 1200 1020 1239 donacionis
1054 1200 1184 1250 tytulo
1226 1201 1279 1237 sit
1311 1199 1555 1237 translatum
1586 1198 1776 1249 idemque
1809 1210 1953 1236 mona-

98 1268 268 1307 sterium
300 1268 511 1306 multarum
545 1270 839 1308 necessitatum
880 1273 919 1307 et
958 1267 1190 1307 defectuum
1232 1266 1493 1306 incommodis
1536 1270 1764 1320 urgeatur,
1813 1269 1954 1316 vtpote

101 1348 189 1374 cum
223 1336 262 1374 ei
296 1348 367 1386 pro
409 1341 521 1375 tanto
564 1337 745 1389 collegio
788 1341 1059 1386 conpetenter
1092 1348 1171 1374 non
1205 1338 1427 1386 suppetant
1468 1333 1702 1373 facultates.
1768 1333 1855 1372 Nos
1891 1334 1954 1384 pio

100 1405 388 1454 conpassionis
422 1404 571 1443 affectu
606 1405 797 1443 volentes
840 1404 935 1442 dicti
968 1404 1206 1443 monasterii
1247 1404 1422 1454 inopiam
1457 1403 1604 1454 quibus
1640 1401 1768 1441 modis
1802 1414 1953 1452 possu-

99 1483 186 1510 mus
220 1472 424 1524 releuare7
459 1472 510 1511 de
545 1473 755 1511 voluntate
785 1476 825 1511 et
850 1472 1020 1511 consilio
1044 1472 1211 1522 capituli
1240 1472 1369 1510 nostri
1394 1470 1693 1521 olomucensis7
1727 1470 1955 1509 accedente

100 1539 383 1579 nichilominus
417 1552 624 1579 consensu
660 1546 699 1579 et
734 1552 899 1591 precum
933 1541 1137 1579 instancia
1176 1539 1451 1591 predictorum
1484 1539 1708 1590 principum
1744 1539 1881 1592 Regis
1916 1544 1954 1577 et

99 1608 271 1660 Regine
307 1608 502 1647 Bohemie
536 1620 705 1659 quorum
730 1609 938 1647 interesse
966 1613 1127 1659 poterat
1159 1609 1199 1646 in
1229 1607 1306 1646 hac
1330 1612 1463 1659 parte7
1497 1607 1801 1646 interueniente
1836 1607 1954 1645 etiam

99 1675 311 1726 sollempni
345 1681 521 1715 tractatu
556 1677 622 1727 qui
656 1677 695 1714 in
730 1677 879 1715 talibus
909 1676 1140 1716 desiderari
1163 1677 1392 1728 consueuit‚
1427 1675 1650 1726 predictam
1678 1674 1953 1725 parochialem

102 1743 319 1781 ecclesiam
362 1745 400 1782 in
443 1744 612 1783 Lucens
653 1745 742 1783 siue
780 1745 953 1784 Blucina
994 1757 1083 1783 cum
1125 1745 1350 1783 attinentiis
1397 1744 1628 1796 vniuersis7
1676 1755 1768 1793 ymo
1813 1744 1955 1793 pocius

101 1815 254 1849 certam
287 1816 443 1861 partem
477 1816 516 1850 et
550 1813 780 1862 porcionem
814 1817 1084 1863 prouentuum
1125 1817 1165 1851 et
1199 1812 1446 1851 decimarum
1486 1811 1670 1851 eiusdem
1704 1811 1953 1862 parochialis

101 1878 282 1917 ecclesie
317 1877 423 1916 infra
456 1880 647 1929 scriptam
682 1885 723 1917 et
756 1879 985 1918 distinctam
1019 1880 1149 1919 eidem
1183 1880 1321 1918 abbati
1355 1883 1397 1919 et
1429 1881 1648 1919 conuentui
1683 1891 1731 1918 ac
1765 1891 1839 1930 per
1881 1891 1954 1919 eos

100 1947 348 1985 monasterio
383 1959 457 1984 suo
492 1947 530 1984 in
564 1952 786 1997 perpetuos
821 1960 921 1986 vsus
956 1948 1258 1998 prebemlarum
1282 1960 1447 1986 suarum
1472 1947 1711 1986 donauimus
1746 1951 1787 1987 et
1821 1947 1953 1986 dena-

99 2025 201 2066 mus7
243 2015 524 2053 concessimus
558 2021 597 2053 et
631 2015 892 2053 concedimus
927 2015 1165 2054 tradidimus
1200 2019 1239 2054 et
1273 2015 1469 2054 tradimus
1503 2015 1721 2054 tenendam
1760 2020 1801 2054 et
1835 2017 1951 2066 paci-

100 2079 175 2120 fice
209 2082 510 2132 possidendam.
575 2083 694 2121 Hanc
728 2083 896 2133 insuper
928 2083 1208 2122 condicionem
1241 2084 1280 2121 in
1314 2084 1404 2134 ipsa
1438 2083 1665 2123 donacione
1699 2088 1841 2123 nostra
1874 2083 1952 2122 ad-

99 2150 240 2188 icimus
280 2154 322 2187 vt
368 2162 422 2189 ex
464 2162 570 2188 nunc
612 2163 700 2189 cum
747 2150 890 2189 eadem
934 2151 1152 2201 parrochia
1192 2155 1315 2190 vacet
1359 2152 1411 2190 ad
1453 2163 1644 2203 presens7
1687 2152 1753 2190 uel
1788 2164 1876 2190 cum
1913 2153 1952 2190 in

102 2222 308 2268 posterum
343 2230 429 2257 eam
464 2230 616 2257 uacare
649 2219 875 2272 contigerit
907 2219 1038 2257 abbas
1073 2224 1111 2257 et
1146 2224 1374 2257 conuentus
1405 2219 1576 2270 predicti
1611 2220 1730 2257 nobis
1756 2219 1953 2271 deinceps

103 2287 143 2323 et
185 2286 501 2324 successoribus
543 2287 696 2325 nostris
742 2287 791 2325 ad
840 2299 928 2326 eam
971 2287 1230 2326 sacerdotem
1272 2287 1476 2337 ydoneum
1524 2287 1717 2325 clericum
1759 2288 1953 2327 videlicet

103 2352 331 2392 secularem
378 2354 666 2393 instituendum
706 2355 850 2393 ibidem
893 2368 966 2405 pro
1012 2356 1165 2393 vicario
1209 2361 1407 2406 perpetuo
1451 2360 1754 2406 representent.
1821 2356 1955 2396 l’rae-

102 2424 218 2459 terea
258 2425 301 2458 ut
344 2421 394 2460 de
436 2427 575 2461 cetero
623 2423 733 2461 nulla
769 2425 874 2461 inter
908 2425 1021 2473 ipsos
1055 2424 1244 2461 abbatem
1287 2428 1328 2462 et
1362 2427 1607 2462 conuentum
1649 2436 1697 2463 ac
1731 2425 1953 2463 institutum

101 2488 297 2526 vicarium
334 2489 381 2526 lis
414 2494 481 2527 aut
517 2492 730 2529 contencio
765 2490 816 2528 de
839 2492 925 2529 suis
951 2492 1212 2541 porcionibus
1237 2492 1405 2541 oriatur7
1440 2492 1567 2542 ipsius
1588 2493 1823 2532 monasterii
1855 2505 1954 2543 por-

102 2556 257 2594 cionem
292 2564 329 2593 ct
366 2562 518 2606 partem
555 2559 695 2596 vicarii
731 2558 946 2597 distinctas
980 2572 1001 2597 a
1038 2559 1154 2597 nobis
1182 2560 1489 2598 racionabiliter
1522 2564 1562 2598 et
1583 2559 1739 2598 diuisas
1774 2573 1954 2611 presen-
