2217 2829
980 135 1073 173 129

921 310 1122 351 Cxxlv.

95 425 402 463 quomis-terium
438 424 494 462 ad
527 424 574 464 S.
608 424 820 463 ‚Iacobum
855 423 1066 463 Olomucii
1101 422 1243 460 rendit
1275 425 1460 472 qtealewr
1493 421 1637 459 laneos
1671 421 1714 459 ἰη
1747 421 1949 459 Dra-zde-

97 494 197 531 πῖνε)
230 491 411 543 Sydlino
446 496 484 531 el
519 492 723 544 Ortolpho
759 493 926 530 ricare'z's
959 491 1160 529 eeclesiae
1193 490 1500 530 Olomneensis.
1542 490 1644 528 Dto.
1679 491 1723 528 in
1757 489 1949 529 Olomnc.

714 560 794 600 Jl'.
831 559 936 598 Idus·
967 559 1152 608 ,tuqus-te·
1188 558 1330 596 1301.

250 668 351 719 Nos
384 679 646 729 Adelheydis
679 680 883 733 magistra
917 683 1111 730 totusque
1153 682 1383 717 conuentus
1426 679 1675 717 dominarum
1712 679 1948 717 monasterii

93 761 127 787 8.
161 749 309 787 Jacobi
353 749 391 786 in
434 747 642 787 Olomucz.
686 747 840 786 ordinis
891 760 925 786 8.
964 748 1195 801 Augustini
1237 748 1423 785 omnibus
1465 747 1725 798 presencium
1766 748 1948 786 notitiam

91 816 306 855 habituris.
379 815 514 855 Sacre
561 816 780 869 religionis
821 828 871 854 ac
913 817 997 855 uite
1038 817 1263 855 monastice
1306 816 1572 855 obseruantia
1618 815 1766 867 quibus
1808 816 1944 854 mundi

89 886 242 936 spretis
289 885 568 935 voluptatibus
619 885 854 923 voluntaria
905 883 1168 935 professione
1218 896 1294 924 nos
1346 884 1608 936 deuouimus7
1660 895 1709 924 eo
1751 885 1942 923 securius

90 965 139 992 ac
173 953 362 993 deuotius
400 953 607 992 custodire
645 954 803 993 minime
847 953 1100 1005 dubitamus,
1149 965 1227 1004 quo
1270 954 1388 992 nobis
1421 966 1471 992 ac
1508 954 1755 993 monasterio
1802 959 1944 993 nostro

91 1022 143 1061 de
177 1020 347 1060 edificiis
381 1023 646 1061 necessariis.
690 1026 730 1060 et
763 1022 967 1060 clausuris
1008 1022 1158 1060 debitis
1200 1022 1424 1061 studiosius
1467 1022 1750 1073 prouidemus3
1815 1021 1948 1061 Officii

91 1091 211 1130 etiam
244 1091 372 1129 nostri
408 1090 584 1129 debitum
619 1102 697 1128 non
731 1090 931 1130 invtiliter
964 1092 1114 1141 exequi
1149 1091 1462 1143 conprobamur7
1496 1092 1529 1129 si
1565 1102 1615 1130 ea
1641 1103 1721 1143 que
1745 1103 1771 1129 a
1802 1103 1946 1130 mona-

90 1159 217 1198 sterio
259 1164 400 1198 nostro
443 1170 531 1196 cum
578 1159 706 1209 ipsius
748 1164 842 1197 sunt
885 1158 1099 1209 dispendio
1146 1160 1327 1198 alienata
1368 1159 1420 1198 ad
1462 1161 1525 1198 ius
1573 1164 1613 1199 et
1654 1161 1947 1211 proprIetatem

91 1227 274 1266 eiusdem
308 1228 483 1266 sollicite
516 1239 773 1267 reuocamus.
846 1228 939 1266 Hiis
979 1228 1111 1281 igitur
1142 1232 1248 1268 mote
1291 1228 1541 1270 racionibusq
1584 1240 1675 1267 cum
1707 1229 1759 1266 ad
1794 1230 1944 1280 incepti

91 1297 228 1346 operis
271 1296 467 1335 videlicet
509 1296 729 1335 dormitorii
772 1302 956 1347 sumptus
1001 1308 1179 1349 magnos
1223 1298 1485 1348 requirentes
1532 1309 1611 1348 quo
1661 1309 1809 1337 carere
1859 1310 1938 1336 non

89 1376 320 1417 possumus,
362 1376 411 1403 ac
444 1365 614 1404 aliorum
654 1376 856 1402 murorum
890 1377 963 1415 pro
997 1365 1188 1404 clausura
1224 1366 1393 1404 claustri
1426 1367 1558 1404 minus
1601 1367 1755 1405 vtilium
1789 1379 1944 1405 consu-

89 1434 334 1485 11130101113111τ
381 1445 430 1471 ac
471 1433 608 1473 allodii
650 1434 779 1473 nostri
821 1434 860 1471 in
893 1433 1077 1484 Repsin.
1125 1435 1165 1472 in
1207 1434 1515 1485 emphitheosim
1553 1435 1720 1474 alienati
1760 1447 1940 1487 recupe-

89 1502 294 1541 racionem
328 1503 548 1552 peruenire
582 1502 788 1541 commode
821 1514 902 1541 non
936 1514 1166 1554 possumus„
1209 1504 1286 1541 nisi
1321 1503 1549 1555 aliquorum
1582 1504 1779 1543 bonorum
1812 1505 1943 1543 inmo-

88 1570 226 1609 bilium
257 1571 390 1609 minus
423 1571 577 1609 vtilium
611 1570 896 1610 vendicionem
930 1572 1172 1611 necessario
1205 1570 1418 1611 faciamus.
1492 1571 1732 1612 Conuocato
1766 1574 1944 1624 capitulo

87 1650 138 1677 ac
170 1643 348 1678 tractatu
380 1639 536 1690 pluries
569 1639 707 1678 habito
741 1639 945 1693 diligenth
979 1641 1190 1691 requisitis
1224 1641 1344 1680 etiam
1374 1641 1596 1680 reuerendi
1630 1643 1757 1692 patris
1791 1642 1937 1680 domini

88 1708 216 1745 nostri
259 1707 509 1747 Theodorici
551 1707 837 1748 Olomucensis
879 1710 1062 1759 episcopi
1113 1709 1190 1748 sub
1241 1711 1358 1748 culus
1400 1709 1634 1749 obedientia
1677 1711 1852 1749 viuimus
1894 1724 1943 1751 ac

88 1774 340 1814 honorabilis
382 1777 459 1814 viri
503 1776 649 1815 domini
685 1775 786 1826 Cyri
829 1778 1025 1828 prepositi
1061 1777 1346 1818 Olomucensis
1387 1779 1428 1817 in
1471 1780 1588 1818 culus
1625 1779 1942 1833 gubernacione

87 1845 362 1895 consistimus7
396 1845 670 1884 consensibus
704 1850 745 1884 et
778 1847 977 1897 optentis:
1011 1847 1221 1885 Adhibitis
1246 1847 1530 1886 nichilominus
1558 1848 1942 1903 sollempnitatibus,

87 1923 169 1963 que
202 1913 240 1950 in
274 1912 500 1951 huiusmodi
535 1913 842 1952 venditionibus
876 1916 1153 1966 requiruntur.
1189 1916 1401 1955 vtilitatem
1436 1917 1605 1967 insuper
1632 1929 1713 1956 non
1746 1918 1941 1957 modicam

86 1980 397 2033 pretendentes7
440 1994 488 2019 ac
522 1986 563 2019 ut
597 1983 837 2032 premissum
872 1988 948 2022 est.
996 1984 1284 2035 prospiciendo
1317 1986 1357 2023 in
1391 1989 1598 2036 posterum
1632 1987 1801 2025 meliora
1834 1999 1940 2038 qua-

86 2053 178 2088 tuor
211 2050 354 2088 laneos
388 2054 428 2088 et
461 2049 662 2088 dimidium
697 2063 799 2101 quos
834 2053 873 2090 ln
908 2053 1005 2090 villa
1039 2053 1316 2092 Drozdotvicz
1350 2055 1429 2093 sita
1463 2056 1575 2093 circa
1597 2054 1801 2105 Prosteys
1835 2068 1938 2095 cen-

85 2117 227 2156 suales
260 2117 497 2156 habuimus.
544 2119 645 2157 viris
679 2119 870 2159 discretis
903 2120 1078 2170 Sydlino
1121 2126 1162 2160 et
1198 2121 1395 2173 Ortolpho
1434 2124 1602 2162 vicariis
1642 2122 1929 2165 Olomucensis

87 2185 268 2224 ecclesie
300 2198 389 2224 cum
422 2187 608 2226 omnibus
641 2187 691 2225 ad
727 2187 894 2227 eosdem
929 2189 1072 2228 laneos
1113 2191 1414 2242 pertinentibus
1454 2199 1549 2242 puta
1591 2193 1717 2231 curiis
1750 2195 1862 2233 areis
1895 2198 1937 2233 et

85 2265 168 2291 vna
199 2254 399 2292 curticula
431 2266 563 2308 agros
598 2255 777 2295 habente
812 2269 883 2308 pro
918 2258 1198 2312 quadraginta
1231 2261 1379 2299 marcis
1413 2262 1581 2314 argenti
1616 2261 1709 2300 boni
1733 2262 1936 2301 Moranici

84 2321 279 2372 ponderis
330 2323 587 2361 vendidimus
635 2336 683 2363 ac
735 2325 919 2364 dedimus
967 2326 1216 2367 hereditarie
1263 2329 1549 2379 possidendos.
1630 2330 1681 2368 Et
1723 2330 1932 2381 predictas

85 2389 365 2443 quadraginta
398 2403 557 2430 marcas
591 2394 758 2446 argenti
792 2406 867 2444 per
899 2395 1066 2434 eosdem
1090 2396 1307 2446 Sydlintnn
1341 2403 1378 2436 et
1407 2397 1645 2448 Ortolphum
1678 2404 1756 2437 tam
1791 2401 1830 2438 in
1863 2413 1935 2439 ar-

82 2462 214 2511 gento
249 2469 366 2509 quam
401 2460 438 2497 in
473 2461 640 2512 grossis
674 2461 855 2500 denariis
888 2464 1007 2502 nobis
1042 2476 1140 2504 esse
1173 2466 1343 2504 solutas.
1378 2478 1427 2504 3(-
1461 2466 1513 2505 de
1538 2468 1723 2505 manibus
1758 2469 1934 2519 ipsorum

83 2537 158 2564 nos
193 2527 407 2577 recepisse
449 2532 592 2567 tenore
626 2531 874 2579 presentium
918 2530 1163 2583 profitemur.
1231 2535 1527 2575 Renunciando
1571 2537 1732 2587 penitus
1775 2539 1932 2578 arcioni

1460 2607 1520 2648 17
