2185 2844
720 661 1436 713 PRAEFATM).

311 959 487 1035 Codex
523 993 806 1044 diplomaticus
840 997 881 1031 et
913 992 1149 1043 epistolaris
1177 991 1399 1031 Moraviae
1432 992 1509 1030 sub
1543 993 1704 1031 nomine
1738 997 1780 1032 et
1812 992 2009 1043 auspiciis

152 1092 499 1133 Excellentissimi
551 1098 676 1142 atque
725 1091 989 1130 illustrissimi
1037 1090 1198 1130 Domini
1247 1091 1415 1129 Antonii
1461 1090 1662 1129 Friderici
1710 1104 1733 1129 e
1780 1089 2010 1131 Comitibus

146 1190 417 1239 ‘Mittrowsky
455 1190 505 1228 de
539 1189 764 1228 Mittrowic
798 1195 836 1227 et
872 1188 1064 1238 Nemysl.
1107 1193 1232 1229 antea
1271 1201 1304 1227 c.
1341 1201 1371 1226 r.
1406 1190 1586 1239 supremi
1621 1187 1874 1228 Cancellarii
1910 1202 1945 1240 p.
1978 1195 2007 1228 t.

153 1289 204 1326 ab
240 1289 419 1327 Antonio
454 1288 643 1326 Boczek.
692 1288 1061 1325 illustrissimorum
1095 1287 1187 1325 m).
1221 1287 1409 1325 statuum
1445 1286 1666 1326 Moraviae
1699 1288 1936 1326 archivario
1969 1293 2011 1327 et

151 1387 369 1425 historico.
421 1394 595 1436 utroque
638 1397 744 1423 nunc
786 1387 868 1436 jam
910 1396 999 1423 cum
1042 1396 1195 1437 magna
1238 1386 1397 1435 patriae
1440 1386 1637 1424 historiae
1674 1387 1838 1436 jactura
1881 1383 2009 1426 eheu!

154 1485 397 1531 demortuis,
441 1490 615 1534 quatuor
655 1483 789 1522 adhuc
831 1484 948 1521 tomis
991 1482 1149 1522 editus.
1192 1483 1321 1521 hoece
1365 1487 1469 1523 tomo
1511 1486 1550 1521 in
1596 1485 1725 1524 lucem
1768 1486 1917 1525 emisso
1957 1486 2010 1525 ad

153 1584 249 1622 anni
287 1582 434 1622 1306.
471 1594 548 1632 quo
582 1583 707 1632 stirps
742 1582 988 1630 Premyslea
1021 1582 1230 1620 exstincta
1264 1589 1341 1620 est.
1378 1580 1492 1621 linem
1528 1582 1779 1632 perducitur.

308 1681 354 1720 ln
389 1679 644 1731 praefatione
687 1680 738 1718 ad
776 1689 922 1719 tomum
955 1681 986 1718 Ι.
1031 1681 1099 1719 toti
1143 1679 1304 1731 quidem
1347 1680 1440 1718 huic
1483 1682 1597 1731 operi
1640 1686 1814 1732 quatuor
1855 1687 2009 1721 tantum

155 1781 360 1819 volumina
393 1789 508 1818 erant
545 1779 778 1830 praefinita:
827 1792 970 1818 verum
1013 1779 1223 1818 multitudo
1265 1785 1610 1819 monumentorum
1653 1780 1784 1821 medio
1827 1786 2010 1832 tempore

155 1875 406 1916 detectorum
441 1878 628 1915 adcrevit
662 1877 780 1916 adeo.
815 1885 857 1915 ut
884 1879 1041 1915 auctori
1071 1879 1153 1928 jam
1186 1884 1331 1917 tomum
1367 1879 1526 1917 tertium
1561 1878 1722 1919 edituro
1754 1890 1855 1931 spes
1880 1892 2010 1931 prope

155 1976 284 2015 omnis
319 1982 618 2014 evanesceret.
662 1975 772 2014 fore.
816 1983 854 2013 ut
891 1981 996 2013 tomo
1029 1981 1174 2027 quarto
1209 1978 1448 2015 universum
1486 1989 1590 2027 opus
1629 1978 1679 2016 ad
1715 1979 1873 2019 culmen
1909 1991 2007 2029 per-

155 2073 310 2112 ducere
343 2075 493 2123 possit:
537 2086 617 2124 qua
651 2074 702 2111 de
736 2085 863 2112 causa
897 2075 1016 2112 etiam
1050 2072 1200 2113 facturn
1233 2082 1320 2114 est.
1358 2083 1400 2113 ut
1435 2082 1575 2126 partes
1608 2077 1836 2116 tabularum
1872 2077 2006 2128 publi-

155 2183 293 2210 carum
326 2173 523 2223 abruptas
558 2179 596 2210 et
632 2172 743 2211 locos
777 2172 828 2209 ad
857 2172 1077 2211 Moraviae
1101 2172 1309 2212 historiam
1335 2182 1574 2224 spectantes
1610 2186 1661 2213 ex
1697 2176 1788 2214 aliis
1812 2177 2008 2227 operibus

156 2267 362 2309 historicis
396 2270 583 2309 laudatos
617 2271 656 2308 in
690 2276 795 2309 tomo
829 2270 886 2308 lu
923 2277 963 2309 et
998 2271 1072 2309 lv.
1107 2272 1271 2322 penitus
1304 2274 1520 2311 omitteret.

309 2368 501 2408 Attamen
534 2371 625 2419 ipsa
658 2370 726 2408 illa
759 2369 836 2409 hac
878 2371 915 2408 in
959 2380 1005 2408 re
1037 2368 1211 2409 forsitan
1248 2371 1369 2408 nimia
1410 2372 1658 2422 parsimonia
1690 2371 2008 2425 haudquaquam

155 2465 399 2506 suffecerat:
445 2475 575 2507 tomus
608 2468 682 2506 lv.
726 2469 829 2507 enim
871 2480 979 2508 anno
1018 2467 1164 2507 1293.
1207 2468 1463 2508 claudendus
1505 2475 1631 2522 atque
1672 2472 1803 2510 omnia
1847 2474 2007 2525 reliqua

156 2569 259 2603 tomo
295 2565 346 2602 V.
381 2567 543 2604 servari
586 2578 802 2606 necessum
836 2572 948 2618 erat,
991 2569 1030 2606 in
1072 2579 1152 2619 quo
1195 2572 1362 2618 praeter
1402 2574 1662 2609 monumenta
1703 2570 1910 2610 literarum
1952 2572 2004 2612 ab
