2217 2829
1062 138 1127 177 39

967 318 1217 358 xxxvnl.

160 436 421 490 Bonifacius
462 434 585 475 ΓΙΙΙ.
616 445 733 486 papa
765 431 945 471 mandat
979 430 1229 470 scholastico
1263 430 1466 469 ecclesiae
1499 429 1807 480 Olomueensis,
1840 433 1889 468 ut
1922 429 2032 469 bona

160 519 187 545 α
218 504 473 544 monasterio
507 502 801 543 aslon-(mensi
833 501 1021 540 alienata
1053 511 1254 538 revocare
1285 499 1469 538 studeat.
1512 499 1614 538 Dto.
1648 500 1813 539 Romae
1846 498 1894 539 Γ.
1923 499 2032 538 Idus

886 568 1136 609 Decembris
1168 567 1313 607 1295.

314 680 569 731 Bonifacius
597 690 847 743 Episcopus,
880 701 1032 729 seruus
1065 700 1281 729 seruorum
1315 688 1394 727 dei.
1458 688 1624 728 Dilecto
1658 686 1791 728 filio..
1813 718 1822 727 .
1857 688 2028 728 schola-

159 763 264 801 stico
298 761 480 800 ecclesie
514 759 817 812 olomucensis,
851 759 1026 798 salutem
1060 762 1102 798 et
1134 757 1402 809 apostolicam
1435 757 1779 797 benedictionem.
1845 756 1915 796 Ad
1948 769 2027 796 au-

159 830 352 870 dientiam
392 833 574 869 nostram
613 829 827 881 peruenit,
870 827 980 880 quod
1021 831 1102 866 tam
1135 826 1286 866 dilecte
1318 827 1359 865 in
1394 824 1562 866 Christo
1597 825 1677 866 filie
1811 826 2029 865 abbatissa

158 903 200 939 et
232 903 462 938 conuentus
486 898 726 937 monasterii
759 896 811 936 de
845 895 947 936 Osla
974 894 1272 936 Cisterciensis
1307 894 1477 947 ordinis,
1512 894 1800 935 Olomucensis
1831 895 2025 948 diocesis,

158 979 279 1020 quam
309 968 402 1020 ille,
449 978 530 1019 que
576 967 617 1005 in
649 966 898 1006 monasterio
940 966 1030 1017 ipso
1063 968 1363 1016 precesserunt
1396 963 1586 1017 easdem,
1629 964 1833 1018 decimas,
1874 968 2027 1018 terras,

158 1036 312 1089 domos,
353 1035 554 1089 redditus,
595 1036 759 1088 vineas,
801 1040 928 1088 ortos,
970 1035 1115 1087 siluas,
1149 1032 1384 1087 Grangias,
1422 1033 1649 1086 Piscarias,
1683 1033 1821 1086 villas,
1857 1030 2025 1086 Castra,

157 1102 343 1158 Casalia,
384 1117 568 1158 nemora,
609 1104 806 1157 maneria,
846 1103 1060 1156 viridaria,
1101 1114 1274 1155 pascua,
1307 1101 1543 1141 molendina
1574 1103 1683 1140 intra
1715 1102 2025 1142 iurisdictiones

155 1175 468 1226 possessiones,
503 1178 544 1213 et
577 1173 752 1225 quedam
785 1173 866 1212 alia
897 1172 1008 1212 bona
1040 1173 1171 1223 ipsius
1203 1171 1465 1225 monasterii,
1500 1170 1605 1209 datis
1639 1182 1766 1222 super
1798 1170 1876 1210 hec
1909 1171 2024 1211 litte-

155 1243 229 1295 ris,
262 1240 466 1282 confectis
499 1242 652 1282 exinde
683 1242 860 1293 publicis
893 1242 1190 1294 instrumentis,
1223 1238 1346 1279 factis
1379 1240 1777 1293 renunciationibus,
1810 1241 2022 1280 iuramen-

154 1311 208 1350 tis
252 1311 507 1363 interpositis
549 1314 591 1351 et
630 1311 750 1362 penis
792 1310 989 1363 adiectis,
1033 1311 1075 1349 in
1115 1320 1293 1364 grauem
1335 1308 1519 1348 eiusdem
1552 1310 1791 1348 monasterii
1824 1309 2023 1349 lesionem

154 1380 363 1419 nonnullis
397 1380 562 1419 clericis
596 1384 638 1419 et
669 1379 808 1433 laicis,
850 1379 1058 1431 aliquibus
1092 1390 1233 1418 eorum
1266 1377 1319 1417 ad
1351 1379 1500 1431 vitam,
1543 1378 1787 1430 quibusdam
1827 1391 1931 1418 vero
1970 1378 2023 1417 ad

154 1460 236 1487 non
277 1447 478 1488 modicum
519 1452 679 1500 tempus
721 1451 763 1488 et
803 1448 897 1487 aliis
937 1451 1139 1499 perpetuo
1181 1447 1234 1486 ad
1267 1445 1441 1499 firmam,
1487 1447 1557 1487 vel
1599 1447 1676 1486 sub
1720 1459 1851 1487 censu
1884 1459 2021 1487 annuo

153 1521 469 1570 concesserunt,
505 1529 676 1570 quorum
708 1517 835 1569 aliqui
867 1528 995 1568 super
1026 1516 1105 1555 hiis
1131 1514 1448 1556 confirmationis
1476 1516 1637 1555 litteras
1670 1516 1711 1555 in
1744 1514 1875 1555 forma
1908 1528 2021 1556 com-

152 1586 283 1639 muni,
326 1585 517 1626 dicuntur
557 1598 583 1625 a
624 1586 727 1626 sede
771 1586 1001 1638 apostolica
1032 1586 1294 1637 impetrasse.
1373 1583 1479 1633 Quia
1517 1597 1620 1624 vero
1654 1589 1797 1624 nostra
1830 1586 2020 1638 interest,

152 1666 281 1707 super
320 1654 400 1694 hoc
441 1654 493 1695 de
527 1659 728 1707 oportuno
770 1655 951 1695 remedio
993 1654 1230 1707 prouidere,
1275 1654 1515 1694 discretioni
1554 1659 1624 1694 tue
1669 1665 1746 1705 per
1791 1654 2021 1705 apostolica

153 1724 309 1775 scripta
340 1724 593 1777 mandamus,
629 1724 823 1776 quatinus
857 1736 921 1777 ea,
956 1736 1037 1776 que
1071 1723 1123 1764 de
1147 1724 1266 1763 bonis
1300 1724 1429 1774 ipsius
1459 1724 1697 1763 monasterii
1730 1734 1806 1774 per
1839 1734 2019 1762 conces-

153 1792 295 1832 siones
327 1792 554 1833 huiusmodi
597 1793 779 1832 alienata
819 1794 1031 1833 inueneris
1072 1793 1213 1832 illicite
1253 1792 1323 1832 vel
1366 1792 1588 1845 distracta,
1636 1804 1717 1831 non
1758 1792 2019 1831 obstantibus

152 1860 316 1913 litteris,
350 1861 653 1914 instrumentis,
687 1862 1082 1915 renuntiationibus,
1117 1862 1236 1913 penis
1271 1866 1312 1901 et
1345 1860 1719 1901 confirmationibus
1753 1861 2019 1913 supradictis,

152 1928 205 1968 ad
238 1930 302 1968 ius
335 1934 377 1969 et
409 1931 701 1981 proprietatem
735 1930 918 1970 eiusdem
942 1931 1182 1970 monasterii
1206 1931 1394 1985 legitime
1426 1942 1630 1970 reuocare
1654 1942 1879 1983 procures3
1914 1942 2017 1969 con-

151 1997 400 2038 tradictores
434 2010 510 2049 per
541 2011 760 2039 censuram
784 2000 1113 2039 ecclesiast-icam
1147 2000 1424 2051 appellatione
1447 2001 1679 2052 postposita
1701 1998 2017 2050 compescendo.

152 2067 309 2107 Testes
342 2072 499 2120 autem,
542 2068 611 2120 qui
644 2066 797 2107 suerint
829 2069 1044 2121 nominati,
1086 2069 1121 2107 si
1156 2080 1203 2108 se
1236 2070 1405 2123 gracia,
1439 2069 1531 2108 odio
1566 2069 1634 2108 vel
1668 2069 1812 2108 timore
1845 2068 2016 2107 subtra—

151 2136 311 2188 xerint,
353 2147 533 2175 censura
566 2137 683 2175 simili
717 2137 994 2188 appellatione
1027 2142 1223 2177 cessante
1257 2138 1501 2189 compellas.
1542 2138 1706 2177 veritati
1741 2138 2014 2176 testimonium

151 2204 388 2256 perhibere.
451 2206 645 2244 Prouiso.
693 2217 746 2245 ne
779 2206 928 2258 aliquis
962 2212 1083 2246 extra
1116 2219 1231 2245 suam
1266 2205 1485 2246 Ciuitatem
1528 2211 1567 2245 ct
1602 2206 1797 2246 diocesim
1830 2207 2015 2245 auctori-

151 2276 237 2312 tate
269 2274 521 2324 presentium
553 2274 605 2313 ad
639 2274 829 2314 iudicium
855 2279 1065 2329 euocetur,
1100 2288 1178 2315 nec
1211 2276 1462 2327 procedatur
1496 2277 1534 2314 in
1569 2277 1706 2328 aliquo
1741 2280 1887 2315 contra
1910 2287 2014 2314 eum.

151 2341 302 2381 Datum
333 2343 465 2383 Rome
496 2343 606 2395 apud
639 2348 824 2383 sanctum
859 2344 1026 2384 Petrum
1059 2345 1114 2383 V.
1143 2345 1244 2384 Idus
1268 2345 1528 2384 Decembris.
1583 2342 1850 2384 Pontificatus
1883 2344 2034 2384 nostri‘

151 2422 258 2450 anno
291 2410 323 2449 Ι.

462 2519 516 2551 Ex
540 2521 692 2562 originali
717 2522 747 2552 in
772 2521 910 2556 archivo
937 2523 1049 2553 curiae
1074 2522 1258 2553 Bruncnsis
1285 2522 1307 2552 s.
1334 2520 1372 2552 0.
1399 2522 1423 2552 1.
1448 2532 1479 2553 n.
1507 2521 1565 2553 13.
