2217 2829
1034 149 1132 190 277

165 297 204 334 in
239 295 357 335 festis
391 294 635 344 subscriptis
677 292 870 332 uidelicet
912 291 951 329 in
985 290 1050 329 die
1092 293 1133 328 et
1175 289 1214 326 in
1254 287 1541 326 anniuersario
1584 284 1855 323 dedicationis
1889 285 2018 335 ipsius

166 364 369 413 ecclesie.
413 364 450 400 in
493 360 612 401 sestis
654 365 800 400 sancte
841 364 881 400 et
923 357 1131 397 indiuidue
1164 356 1371 407 trinitatis.
1418 359 1619 406 perpetue
1653 353 1834 406 virginis
1867 353 2017 403 Mai-ie.

166 432 386 471 Michaelis
420 429 697 483 Archangeli.
730 428 936 468 Jobannis
969 426 1171 477 baptiste7
1205 424 1480 475 apostolorum
1514 422 1628 461 Petri
1663 426 1704 460 et
1737 421 1870 473 Pauli7
1904 421 2018 460 Petri

166 500 380 550 martyris7
426 499 635 537 beatorum
671 496 956 536 confessorum
989 493 1241 548 Augustini.
1290 491 1492 541 Nycholai
1536 495 1575 529 et
1608 490 1836 541 Dominici.
1882 488 2020 528 Marie

167 567 443 621 Magdatene,
477 567 680 605 Katerine
714 566 909 618 virginis.
949 563 1108 614 patroni
1143 562 1270 612 ipsius
1305 560 1502 599 ecclesie.
1546 564 1585 597 et
1620 570 1694 609 per
1727 562 1899 597 octauas
1932 569 2021 596 om-

168 637 272 675 nium
307 635 645 685 sollempnitatum
680 633 953 684 predictarum
995 642 1121 669 causa
1166 629 1397 669 deuotionis
1439 628 1720 679 accesserint.
1762 626 1830 665 uel
1863 637 2020 664 manum

168 704 429 755 porrexerint
462 702 725 753 adiutricem7
773 713 847 739 nos
881 700 933 739 de
967 699 1252 749 omnipotentis
1295 697 1360 735 dei
1403 694 1687 734 misericordia
1729 699 1769 734 et
1810 695 2021 734 beatorum

170 772 279 811 Petri
316 775 354 810 et
391 770 506 809 Pauli
539 770 814 821 apostolorum
849 770 937 807 eius
972 768 1217 806 auctoritate
1250 763 1392 804 contisi
1425 764 1582 818 singuli
1608 763 1802 818 singulas
1837 761 2020 814 quadra-

167 851 306 894 genas
348 840 468 877 annis
509 839 689 892 singulis
732 837 783 876 de
826 838 1003 875 iniuncta
1048 836 1125 874 sibi
1168 834 1417 885 penitentia.
1461 831 1672 871 dummodo
1715 842 1947 871 consensus
1982 834 2023 870 et

169 908 359 946 uoluntas
394 907 619 957 dyocesani
654 907 896 957 accesserit.
930 902 1251 944 misericorditer
1275 902 1526 941 relaxamus.
1574 901 1620 939 In
1655 901 1772 939 cuius
1806 901 1867 939 rei
1900 899 2022 939 testi-

167 977 338 1015 monium
374 979 607 1026 presentem
643 976 837 1029 paginam
870 973 1103 1027 sigillorum
1146 977 1374 1010 nostrorum
1418 970 1635 1010 munimine
1673 968 1862 1007 duximus
1896 968 2022 1007 robo-

169 1043 335 1083 randas.
413 1044 561 1082 Datum
609 1056 714 1082 anno
767 1043 912 1081 domini
956 1042 1174 1081 Millesimo
1227 1039 1506 1079 ducentesimo
1558 1038 1816 1091 octogesimo
1862 1040 2022 1088 quarto.

169 1118 289 1152 sexto
323 1112 537 1151 Kalendas
571 1111 733 1151 Martii:
782 1112 819 1149 in
863 1110 928 1149 die
960 1110 1134 1149 Sabbati
1177 1108 1285 1160 apud
1327 1108 1469 1148 urbem
1512 1112 1719 1158 ueterem7
1767 1104 2024 1157 pontificatus

171 1180 317 1219 domini
354 1181 518 1218 Martini
555 1192 662 1231 pape
697 1180 831 1231 quarti
866 1191 973 1217 atino
1008 1182 1167 1230 quarto.

481 1279 531 1310 E<
555 1280 705 1320 originali
731 1279 879 1319 ejusdem
906 1279 1107 1309 monasterii.

1012 1426 1186 1465 Lxxn.

171 1538 470 1588 lndulqenliae
511 1551 535 1576 a
579 1539 797 1577 nonnulli-s·
842 1538 1169 1589 archiepiscopi-s·
1219 1541 1257 1575 el
1292 1537 1497 1588 episcopis
1538 1535 1739 1574 ecelesiae
1784 1535 2030 1573 monasterii

180 1606 522 1646 Welehradensts
555 1619 789 1645 concessae.
857 1608 955 1645 Dlo.
991 1606 1109 1658 apud
1138 1605 1288 1646 Vrbem
1326 1608 1502 1644 veterem
1548 1603 1619 1644 ΓΙ.
1650 1602 1834 1642 Kalend.
1864 1603 2024 1642 Martii.

1031 1675 1169 1713 1284.

328 1781 559 1832 Vniuersis
611 1792 737 1832 Cristi
787 1793 974 1833 fidelibus
1022 1798 1242 1845 presentes
1290 1793 1470 1844 litteras.
1527 1793 1775 1843 inspecturis
1825 1791 1912 1830 Nos
1962 1791 2025 1830 dei

173 1863 343 1915 gracia.
379 1862 621 1912 Raynaidus
657 1862 970 1913 Messanensis7
1007 1863 1156 1901 Petrus
1191 1862 1452 1901 Arbonensis
1486 1861 1806 1913 archiepiscopi.
1844 1859 2025 1899 Bartho-

175 1931 328 1970 lomeus
362 1930 581 1969 Gaitanus.
616 1931 781 1970 Acerus
817 1931 1126 1971 Vexioniensis.
1163 1929 1434 1969 Benehardus
1456 1929 1871 1982 Brandeburgensis7
1906 1929 2025 1967 Hen-

173 2000 283 2037 ricus
317 2000 598 2050 saxionensis.
643 1999 831 2038 Fridolus
866 1998 1101 2037 Ouetensis.
1166 1997 1321 2047 Symon
1362 1998 1600 2050 l'apiensis7
1648 1998 1883 2036 Ptolomeus
1916 1996 2025 2037 Sar-

174 2067 373 2119 dinensis.
410 2068 654 2106 Vincentius
678 2067 1014 2119 Pon-tugalensis,
1050 2066 1289 2106 Bernardus
1317 2067 1540 2118 Humanas.
1573 2067 1782 2105 Robertus
1807 2066 2024 2105 Rosensis.

174 2134 396 2174 Thon-tinus
433 2136 719 2175 llamerensis.
771 2136 953 2173 vberius
989 2134 1251 2187 (flugiensis.
1299 2135 1495 2174 Andreas
1529 2135 1772 2181 Asloensis.
1819 2135 2024 2186 Episcopi.

173 2202 355 2242 Salutem
392 2205 429 2242 in
465 2204 635 2243 domino.
700 2204 817 2243 Licet
853 2205 901 2256 is7
943 2204 994 2243 de
1018 2205 1135 2242 cuius
1169 2215 1335 2243 munere
1369 2205 1500 2255 uenit,
1534 2207 1576 2242 ut
1609 2203 1685 2241 sibi
1720 2215 1743 2242 a
1768 2204 1854 2242 suis
1889 2202 2023 2243 tideli-

176 2272 252 2309 bus
286 2271 414 2324 digne
457 2279 495 2311 et
540 2273 799 2311 laudabiliter
841 2274 1068 2311 seruiatur.
1118 2272 1167 2310 de
1211 2272 1487 2311 habundantia
1532 2272 1696 2322 pietatis
1736 2283 1834 2323 sue.
1882 2273 2022 2311 merita

175 2340 399 2390 supplicum
435 2341 646 2379 excedens
680 2347 718 2379 et
753 2346 869 2379 uota.
905 2342 1011 2380 bene
1044 2341 1322 2379 seruientibus
1357 2341 1477 2378 multo
1510 2340 1663 2378 maiora
1697 2341 1869 2379 tribuat.
1906 2352 2023 2391 quam

176 2408 341 2447 ualeant
376 2410 611 2459 promereri.
678 2409 979 2448 Desidet-antes
1013 2414 1145 2447 tamen
1191 2408 1367 2448 reddere
1411 2408 1569 2447 domino
1603 2408 1792 2459 populum
1825 2412 2024 2460 accepta-

176 2476 293 2515 bilem
329 2475 470 2514 tideles
505 2475 659 2515 (flu-isti
694 2477 742 2514 ad
778 2478 1096 2527 complacentum
1131 2478 1182 2515 ei.
1217 2478 1333 2527 quasi
1365 2475 1607 2527 quibusdam
1641 2476 1846 2515 allectiuis
1879 2489 2023 2516 mune-

176 2544 301 2583 ribus.
337 2544 606 2596 indulgentiis
641 2544 831 2584 uidelicet
865 2549 904 2583 et
939 2544 1247 2583 remissionibus
1281 2545 1510 2595 inuitamus.
1544 2548 1586 2582 ut
1612 2543 1764 2583 exinde
1798 2544 2025 2585 reddantur
