2217 2829
979 146 1072 187 16?

100 289 207 326 bona
242 286 493 326 Potschatek
526 297 599 337 pro
626 285 868 339 quingentis
893 285 1041 323 marcis
1075 284 1171 323 dicti
1204 285 1400 336 ponderis
1433 285 1613 325 liberare
1645 292 1714 324 aut
1748 287 1951 326 redimere

100 348 291 407 uoluerit7
328 356 457 405 ipsam
490 354 703 405 pecuniam
737 353 906 392 dominis
939 353 1153 403 Heynrico
1188 352 1239 391 de
1270 353 1546 404 Rosenperch
1580 356 1621 392 et
1652 353 1864 404 X‘Vytkoni
1899 356 1950 395 de

99 422 272 462 Luczka
305 422 575 474 presentabit7
608 421 840 472 hiidemque
864 420 1010 460 domini
1036 420 1259 459 seeundum
1293 421 1399 472 quod
1425 422 1611 461 arbitrati
1644 420 1811 475 fuerint7
1844 436 1949 463 ean-

100 491 189 530 dem
222 491 435 541 pecuniam
468 490 508 527 in
542 490 650 528 bona
682 489 881 542 redigent
921 492 963 528 et
995 492 1252 528 conuertent.
1315 489 1456 540 Super
1489 490 1597 541 quod
1638 502 1714 530 nos
1751 492 1791 529 in
1826 493 1948 542 quin-

98 559 241 612 gentis
275 559 424 597 marcis
457 558 616 596 ratione
650 556 827 595 dotalicii
870 557 990 595 nobis
1032 568 1085 596 ex
1118 560 1237 608 parte
1271 556 1378 597 dicte
1420 562 1562 597 nostre
1604 559 1799 613 coniugis
1831 560 1946 599 ordi-

98 627 181 664 nati
216 628 447 676 respectum
480 624 721 664 habebimus
756 622 979 664 efficacem.
1043 623 1091 664 Si
1123 628 1257 664 autem
1290 637 1366 664 nos
1402 626 1530 676 ipsam
1564 626 1763 666 dominam
1795 640 1947 679 super-

98 694 343 745 uixerimus7
381 691 548 732 easdem
581 693 838 746 qulngentas
871 704 1054 745 marcas7
1097 704 1200 744 quas
1239 693 1290 731 ab
1324 694 1414 744 ipsa
1446 705 1573 745 super
1606 724 1722 734 .....
1755 696 1797 734 in
1830 697 1947 737 bonis

96 760 351 800 Potscliatek
392 760 613 812 habemus,
656 763 904 799 conuertere
937 772 1155 811 possumus
1188 761 1413 800 secundum
1447 765 1589 802 nostre
1621 763 1831 803 arbitrium
1864 777 1944 804 vo-

95 828 277 867 luntatis.
341 828 433 868 Hec
467 832 560 867 acta
592 832 671 867 tam
705 828 892 882 legitima
925 829 1137 867 celebrata
1278 831 1322 868 in
1355 829 1522 869 tabulas
1551 831 1745 882 publicas
1777 832 1943 872 olomu-

95 897 231 934 censis·
262 895 386 945 zade,
420 895 476 934 ad
507 908 633 946 qnam
669 896 863 934 rniuerse
892 898 1115 948 prouincie
1146 898 1343 936 Mor-auiae
1375 910 1418 936 se
1450 898 1675 949 reclinant,
1708 900 1946 951 redeqimus

94 964 134 1002 in
167 964 332 1017 signum
376 962 562 1003 efficacie
604 965 821 1015 amplioris.
885 964 931 1002 In
974 965 1091 1003 cuius
1134 966 1192 1004 rei
1234 966 1504 1005 testimonium
1541 979 1718 1017 presens
1750 970 1944 1020 scriptum

94 1031 236 1084 sigillo
268 1035 409 1071 nostro
443 1036 484 1071 et
517 1032 671 1086 sigillis
705 1033 865 1071 testium
899 1032 1223 1083 subscriptorum
1257 1033 1444 1072 duximus
1477 1036 1725 1074 communiri.
1790 1037 1944 1078 Testes

93 1102 209 1137 sunt:
243 1098 390 1138 domini
423 1100 662 1149 Heynricus
697 1100 748 1138 de
781 1100 1069 1153 Rosenperch,
1103 1113 1281 1140 summus
1316 1102 1483 1142 Boemie
1516 1105 1781 1144 camerarius.
1825 1106 1943 1145 'Pho-

92 1167 199 1216 byas
233 1166 285 1206 de
316 1166 513 1219 Becliyn7
555 1168 684 1218 ipsius
727 1169 851 1221 regni
885 1169 1151 1208 marscalcus.
1216 1170 1385 1209 Vlricus
1429 1170 1480 1210 de
1522 1184 1629 1211 noua
1663 1172 1801 1226 domo7
1843 1187 1944 1225 pur-

93 1233 288 1273 chrauius
323 1234 374 1273 de
407 1235 602 1274 Brunow.
668 1235 895 1287 l'hillippus
930 1237 981 1277 de
1013 1237 1269 1290 Perusteyn7
1304 1238 1577 1289 purchrauius
1610 1241 1650 1279 in
1684 1240 1939 1296 Godyngen.

91 1301 375 1351 XVykhardus
423 1302 474 1342 de
515 1303 646 1342 Polna
689 1303 959 1354 purchrauius
1004 1306 1278 1345 Brunnensis.
1352 1307 1521 1346 l'rotiua
1566 1308 1616 1347 de
1658 1309 1941 1364 Dubrawycz,

93 1369 292 1419 pincerna
323 1370 526 1409 Morauie.
590 1370 736 1421 Zmylo
778 1371 829 1411 de
863 1371 1099 1426 Gretzeen,
1145 1374 1418 1425 pure-luamus
1454 1375 1757 1431 Znoymensis,
1799 1382 1841 1418 et
1873 1380 1939 1418 alii

93 1448 211 1488 quam
244 1437 401 1488 plurimi
436 1437 514 1477 fide
548 1438 678 1492 digni.
750 1440 898 1479 Actum
933 1444 974 1480 et
1007 1441 1141 1480 datum
1175 1442 1344 1482 Brunne
1385 1455 1492 1483 anno
1535 1445 1681 1484 domini
1719 1446 1940 1487 Millesimo

91 1506 381 1545 trecentesimo
414 1507 557 1559 tercio,
591 1507 775 1557 proxima
809 1507 1009 1547 dominica
1042 1514 1134 1560 post
1167 1510 1271 1550 diem
1305 1513 1438 1551 sancti
1471 1512 1660 1563 Nyeolai.

398 1603 490 1644 (Sex
514 1605 658 1646 sigilla.)
704 1605 756 1636 Ex
781 1607 933 1648 originali
958 1609 989 1638 in
1015 1608 1151 1640 archivo
1177 1612 1366 1641 monasterii
1390 1611 1498 1643 Aulae
1523 1612 1560 1644 S.
1584 1612 1717 1645 Mariae
1741 1614 1779 1646 F.
1806 1614 1838 1646 1.

942 1752 1094 1794 CLIX.

93 1859 262 1900 l'lre'cus
295 1863 335 1899 et
368 1862 663 1913 Reymundus,
695 1865 855 1915 sivlres
888 1865 939 1904 de
971 1866 1277 1918 JAichtenbmy,
1307 1869 1500 1921 fundant
1532 1870 1738 1923 hospitale
1766 1887 1937 1926 paupe-

86 1939 181 1966 rum
215 1929 259 1967 ἱη
290 1926 378 1969 Sar
411 1933 450 1968 et
484 1930 628 1969 villam
663 1932 996 1986 Heinriclzsdorf
1024 1937 1063 1972 εἰ
1097 1935 1281 1974 decimas
1313 1937 1365 1976 de
1398 1940 1577 1993 equitia,
1623 1941 1860 1992 telonioque
1893 1944 1937 1982 in

87 1994 314 2047 Chole'bm'·,
356 2000 397 2036 ec
428 1997 480 2036 de
513 1997 629 2037 boni-s·
661 2000 706 2037 in
737 1999 972 2040 subsidium
1013 2003 1105 2054 eja-s*
1137 2005 1368 2055 assiymmt.
1433 2007 1533 2046 Dco.
1570 2009 1615 2046 in
1646 2009 1937 2061 ‘hic-letenbmy

636 2066 740 2106 XII.
774 2069 962 2108 Kalend.
995 2070 1204 2111 ,Ianuarii
1238 2072 1380 2112 1303.

240 2171 341 2223 Nos
374 2184 544 2223 Vlricus
577 2189 617 2225 et
650 2186 919 2237 Reymundus
952 2188 1119 2244 fratres7
1152 2192 1247 2231 dieti
1282 2193 1333 2232 de
1366 2194 1690 2235 Leulitenburch
1725 2198 1934 2239 vniuersis

86 2250 227 2289 christi
270 2249 456 2291 fidelibus
503 2252 554 2291 ad
601 2265 703 2304 quos
745 2255 821 2295 hoc
863 2259 1056 2308 scriptum
1099 2262 1336 2310 peruenerit
1368 2263 1555 2301 noticiam
1597 2264 1933 2317 subscriptorum.

85 2317 283 2366 Quoniam
317 2318 500 2358 dominus
532 2321 674 2361 ihesus
710 2324 751 2362 in
785 2327 1026 2379 ewangelio
1067 2328 1176 2379 quod
1209 2330 1278 2367 vni
1322 2342 1375 2369 ex
1408 2332 1577 2371 minimis
1611 2331 1760 2373 sactum
1794 2333 1932 2375 suerit.

85 2384 233 2425 factum
268 2392 431 2438 reputat
464 2388 539 2426 sibi
574 2390 665 2442 ipsi7
698 2391 790 2431 ideo
816 2405 905 2445 nos7
939 2395 1027 2445 ipso
1052 2397 1263 2447 aspirante
1287 2410 1365 2437 non
1400 2399 1513 2438 surdi
1539 2400 1749 2441 auditores
1783 2415 1931 2443 ewan-

85 2454 201 2507 gelliqv
243 2467 315 2504 pro
348 2458 656 2497 sustentacione
690 2471 911 2511 pauperum
945 2464 1013 2514 qui
1047 2465 1124 2502 sibi
1159 2464 1343 2505 derelicti
1378 2472 1473 2506 sunt
1514 2471 1555 2507 et
1587 2469 1625 2507 in
1660 2470 1808 2521 quibus
1840 2472 1932 2522 ipse

85 2523 307 2573 suscipitur
349 2523 550 2574 hospitale
584 2526 621 2564 in
657 2525 743 2566 Sm-
775 2526 972 2570 fundare.
1015 2536 1056 2570 et
1097 2538 1363 2582 construere„
1409 2547 1458 2574 ac
1495 2535 1638 2577 dotare
1670 2538 1930 2594 intendimus,
