2217 2829
979 110 1075 149 169

97 254 161 292 Ea
195 256 362 304 propter
389 249 649 289 vniuersitati
675 254 817 287 uestre
851 253 995 286 tenore
1024 249 1285 298 presencium
1311 248 1497 286 volumus
1523 259 1620 286 esse
1649 254 1798 286 notum.
1835 248 1956 301 quod7

97 334 186 361 cum
221 321 419 359 honestus
454 319 531 360 vir,
565 316 695 356 srater
729 316 939 359 sdizlaus,
983 316 1186 367 plebanus
1221 316 1272 355 de
1307 316 1520 355 Grilwicz.
1565 315 1767 354 dimidiam
1802 324 1957 367 partem

99 390 346 430 decimarum
378 398 543 426 suarum
577 386 617 424 in
651 385 868 437 Rekwiffl
904 384 1001 423 villa
1036 384 1254 435 parrochie
1279 396 1368 423 sue.
1404 397 1484 436 que
1509 386 1636 435 ipsum
1672 384 1723 424 de
1758 386 1845 424 iure
1879 398 1956 424 an-

98 459 249 498 nuatim
283 456 545 509 contingunt„
580 454 811 493 venerabili
847 451 1081 493 Conuentui
1106 452 1351 493 Monasterii
1375 454 1582 492 Lucensis
1618 454 1779 504 pietatis
1815 455 1957 493 intuitu

99 526 275 567 dederin
309 523 360 563 ad
393 523 605 561 utilitatem
641 528 682 561 et
715 522 938 573 specialem
972 522 1189 573 pitanciam
1224 523 1352 572 ipsius
1387 520 1632 561 Conuentus
1668 535 1740 573 pro
1774 530 1957 573 tempore

99 595 185 633 vite
218 605 306 644 sue,
339 592 543 643 nobisque
576 603 702 642 super
736 602 785 629 eo
819 591 869 629 sit
904 590 1107 629 humiliter
1141 591 1430 641 supplicatum.
1467 599 1508 629 vt
1543 590 1595 629 ad
1630 591 1706 630 hoc
1740 603 1957 630 assensum

99 666 280 702 nostrum
315 660 492 712 prebere
535 665 575 699 et
610 665 737 697 ratum
781 659 938 698 habere
980 671 1029 698 ac
1063 658 1303 698 confirmare
1338 660 1435 698 hoc.
1481 659 1586 711 quod
1632 658 1782 698 sactum
1817 665 1880 699 est
1920 661 1957 698 in

100 732 177 770 hac
212 737 341 781 parte.
376 740 430 768 ex
463 726 583 778 officij
620 729 747 767 nostri
784 727 920 767 debito
947 728 1237 781 dignarenmr:
1273 740 1347 767 nos
1381 729 1520 779 itaque
1554 728 1605 766 ad
1631 740 1781 779 preces
1815 735 1852 767 et
1879 728 1955 767 de-

98 804 233 838 uotam
266 798 507 837 instanciam
540 797 700 836 nomine
735 796 829 835 dicti
865 795 1123 836 Conuentus.
1159 803 1197 835 et
1233 808 1285 836 ex
1321 805 1437 848 parte
1472 798 1603 848 ipsius
1638 795 1778 835 fratris
1800 796 1958 836 Sdizlai

98 867 249 906 deuote
291 867 410 905 nobis
452 866 649 905 oblatam.
694 865 919 918 benignius
962 865 1166 904 inclinati.
1215 865 1276 917 id7
1321 865 1428 916 quod
1472 877 1598 917 super
1642 865 1805 904 dimidia
1840 875 1956 916 parte

96 935 276 986 ipsarum
310 934 554 975 decimarum
590 935 628 972 in
665 933 849 984 predicta
888 933 985 971 villa
1028 946 1099 984 pro
1134 933 1318 984 predicto
1353 940 1558 972 conuentu
1595 946 1668 985 per
1703 935 1831 985 ipsum
1866 933 1955 973 l'ra-

97 1008 198 1043 trem
231 1003 442 1043 Sdizlaum
476 1001 625 1041 factum
659 1008 721 1041 est
756 1001 807 1040 de
839 1006 965 1055 grato
1000 1002 1089 1040 eius
1115 1001 1278 1041 affectu.
1314 1009 1441 1040 ratum
1477 1009 1517 1041 et
1543 1008 1709 1056 gratum
1744 1002 1957 1042 habemus.

98 1076 139 1111 et
171 1072 430 1111 auctoritate.
464 1083 544 1122 qua
578 1069 803 1123 fungimur.
838 1068 1119 1109 confirmamus
1153 1070 1203 1109 ad
1229 1076 1410 1121 tempora
1442 1072 1526 1111 vite
1560 1083 1658 1111 sue:
1694 1071 1747 1110 ita
1782 1072 1958 1110 nichilo-

98 1141 243 1179 minus.
278 1139 385 1191 quod
419 1140 575 1177 iuribus
608 1138 734 1178 Sedis
768 1139 1009 1189 Apostolice
1044 1144 1083 1178 et
1118 1140 1207 1178 eius
1238 1139 1495 1193 Legatorum
1530 1152 1577 1178 ac
1605 1140 1846 1190 dyocesani.
1880 1152 1959 1180 nec

97 1221 178 1248 non
212 1208 507 1247 Archidiaconi
551 1209 589 1246 in
624 1208 734 1246 nullo
769 1208 931 1258 penitus
967 1215 1185 1258 propterea
1221 1207 1463 1261 derogetur.
1509 1217 1547 1247 et
1582 1209 1712 1248 eciam
1746 1209 1835 1259 ipsa
1871 1209 1957 1247 Ec-

99 1277 227 1316 clesia
262 1277 301 1314 in
336 1275 534 1315 Grilwicz
570 1277 609 1314 in
643 1281 850 1327 posterum
892 1282 981 1327 post
1017 1275 1201 1315 eiusdem
1234 1275 1392 1315 Sdizlai
1437 1276 1655 1316 decessum
1690 1277 1841 1315 nullum
1877 1289 1957 1317 ex-

99 1344 194 1383 inde
228 1346 387 1383 senciat
421 1344 727 1384 detrimentum.
769 1356 844 1383 seu
879 1343 1044 1395 aliquod
1079 1344 1335 1395 dispendium
1369 1345 1604 1396 aliqualiter
1639 1346 1845 1397 paciatur7
1882 1346 1958 1385 sed

100 1417 262 1452 exemta
297 1418 338 1452 et
371 1413 499 1452 libera
535 1414 586 1451 sit
620 1426 644 1451 a
678 1413 859 1464 qualibet
894 1412 1121 1451 huiusmodi
1165 1414 1379 1452 seruitute.
1446 1413 1492 1452 In
1527 1415 1643 1453 cuius
1678 1415 1737 1453 rei
1772 1415 1959 1454 testimo-

98 1482 207 1519 nium
241 1487 462 1531 presentes
496 1481 655 1520 litteras
690 1479 797 1531 lieri,
841 1487 879 1520 et
922 1481 1052 1535 sigilli
1087 1482 1217 1520 nostri
1252 1483 1468 1521 munimine
1503 1481 1674 1522 fecimus
1709 1483 1958 1522 communiri.

98 1549 247 1588 Datum
282 1550 321 1588 in
354 1548 559 1588 Modricz.
598 1561 705 1588 anno
740 1549 888 1588 domini
930 1550 1035 1588 Mill.
1071 1549 1387 1590 Trecentesimo
1422 1551 1588 1590 'Pei-cio.
1655 1552 1708 1590 X.
1742 1551 1959 1590 Kalendas

97 1617 303 1668 ‚lanum-ij.
368 1616 636 1657 Pontificatus
670 1619 799 1657 nostri
833 1630 940 1657 anno
975 1619 1114 1669 primo.

408 1717 459 1747 Ex
485 1718 635 1758 originali
661 1718 690 1748 in
715 1717 850 1749 archivo
875 1718 1025 1759 ejusdem
1051 1719 1255 1750 monasterii.

959 1864 1112 1907 CLXI.

99 1978 353 2027 Emundus,
410 1977 536 2016 abbas
576 1979 730 2016 neentis
771 1976 911 2029 Syon.
967 1978 1186 2030 confirma!
1232 1980 1558 2029 resiyncttirmem
1606 1979 1867 2018 decimarum
1914 1981 1956 2019 in

100 2045 274 2086 Rekwic
303 2048 465 2098 factam
498 2058 576 2097 per
608 2045 831 2085 Zdislaum
871 2046 1100 2098 plebanum
1141 2049 1186 2086 in
1221 2047 1480 2086 Isi-idlowice
1514 2049 1557 2087 ἱη
1590 2049 1819 2099 pitantiam
1852 2060 1959 2087 con-

163 2117 315 2153 renlas
350 2115 571 2153 Lucensis.
637 2115 736 2153 luo.
770 2116 813 2153 in
848 2114 989 2159 Iaulsa,
1019 2117 1133 2168 feria
1168 2116 1195 2155 I
1202 2116 1247 2156 1⁷,
1279 2119 1373 2168 post
1407 2116 1679 2168 epiphaniam
1714 2116 1885 2155 dontini.

957 2183 1099 2222 1304.

254 2291 355 2341 Nos
390 2302 621 2355 Emundus„
664 2303 729 2342 dei
770 2304 919 2357 gracia
956 2304 1104 2343 Abbas
1146 2305 1328 2344 ecclesie
1370 2305 1516 2343 montis
1557 2303 1700 2357 Syon7
1748 2305 1960 2344 vniuersis

102 2368 257 2410 Christi
293 2369 493 2410 fidelibus
527 2371 576 2410 ad
613 2384 716 2423 quos
751 2378 969 2423 presentes
1004 2374 1293 2424 peruenerint.
1329 2373 1502 2412 salutem
1538 2374 1576 2411 in
1612 2372 1786 2412 domino.
1850 2374 1959 2413 Pre-

99 2439 288 2478 sentilms
324 2445 610 2491 protestamur,
646 2440 753 2491 quod
787 2440 917 2481 frater
949 2441 1147 2493 Stizlaus7
1183 2441 1390 2492 plebanus
1425 2442 1463 2479 in
1498 2440 1696 2493 Griluicz7
1731 2446 1961 2492 spontanea

99 2507 331 2547 uoluntate.
374 2508 602 2547 accedente
635 2508 684 2547 ad
720 2509 796 2548 hoc
829 2522 1035 2550 consensu
1073 2510 1327 2549 venerabilis
1365 2507 1506 2548 fratris
1541 2510 1687 2549 nostri.
1723 2509 1868 2549 domini
1903 2511 1958 2549 th.

1479 2583 1544 2620 τετε
