2217 2829
1065 120 1165 161 227
1183 177 1268 181 *—

195 268 370 307 testibus
403 265 550 304 ibidem
591 262 768 303 feliciter
809 260 1096 301 existentibus.
1160 258 1312 297 Datum
1348 268 1424 308 per
1456 267 1613 295 manum
1655 256 1881 294 Hei-manni
1924 256 2044 308 regis

197 336 365 375 Boemie
398 333 557 372 notarii.

504 426 556 457 Ex
581 424 775 468 apographo
805 426 836 455 in
869 423 1070 455 bibliotheca
1100 421 1302 463 parochialis
1332 420 1498 451 ecclesiae
1528 419 1569 450 ad
1598 429 1626 449 s,
1655 418 1827 449 Nicolaum
1857 417 2042 459 Znoymae.

609 476 762 508 Conferr.
791 475 891 516 hujus
915 474 1043 506 codicis
1064 474 1141 504 tom.
1163 472 1206 503 11.
1231 482 1262 503 n.
1284 470 1509 503 CXXXVIII.
1534 473 1566 501 et
1588 468 1738 501 CXCIV.

1060 619 1178 659 XIII.

353 732 566 793 premysl,
598 740 777 780 marchio
797 740 1030 792 Morari-ae,
1065 738 1288 777 dotalitium
1309 741 1350 777 et
1373 737 1587 776 libertates
1612 737 1819 776 ecclesiae
1842 737 1883 774 in
1904 735 2044 776 Poho—

196 812 327 853 relic-e
361 811 527 850 stabilit.
591 810 739 848 Actum
771 809 811 847 in
845 808 1016 847 Brunna
1049 818 1156 845 anno
1196 805 1339 845 1231.

505 900 540 930 ln
563 899 701 931 archivo
722 900 822 940 capit.
847 898 970 930 Brunn.
998 897 1115 938 fragm.

1061 1044 1177 1083 xlv.

196 1159 407 1211 premysl,
439 1157 625 1196 marchio
645 1157 878 1205 ,norm-iae,
912 1156 1164 1196 monasterio
1187 1153 1574 1194 Daubrawnicensi
1596 1154 1727 1193 donat
1759 1154 1903 1194 villam
1928 1154 2043 1206 sess,

197 1232 237 1268 et
274 1239 416 1266 omnes
454 1224 640 1277 eJusdem
678 1226 961 1276 possessiones
1001 1223 1221 1274 confirmat
1260 1235 1472 1273 novasque
1513 1223 1803 1262 immunitates
1839 1224 2042 1262 com-edil.

588 1294 690 1332 Dat.
724 1292 906 1331 Brunae
938 1291 1019 1332 11⁷.
1053 1290 1240 1330 Kalend.
1274 1291 1469 1341 Auqustz'.
1506 1290 1648 1329 1235.

371 1404 422 1453 In
454 1415 615 1454 nomine
647 1418 793 1453 sancte
834 1411 1027 1451 trinitatis
1069 1414 1110 1450 et
1148 1410 1357 1449 indiuidue
1398 1410 1566 1450 unitatis
1608 1421 1737 1449 amen.
1801 1410 1900 1464 Ego
1934 1411 2043 1451 Pre-

193 1484 283 1523 misl
325 1484 391 1523 dei
433 1482 579 1522 Gratia
619 1481 809 1521 Marchio
850 1480 1055 1520 Morauie.
1118 1479 1349 1518 Abbatisse
1391 1483 1432 1518 et
1473 1479 1543 1517 toti
1586 1490 1707 1517 sacro
1748 1480 1969 1518 conuentui
2003 1481 2042 1518 in

191 1551 439 1592 Dvbraunik
486 1552 768 1602 inperpetuum
810 1547 1063 1589 collocando.
1137 1545 1365 1588 Consueuit
1412 1547 1669 1598 antiquorum
1713 1547 1953 1586 ueneranda
2003 1552 2043 1587 et

193 1619 460 1671 approbanda
492 1618 718 1670 prudencia
751 1629 802 1657 ea
834 1618 1059 1657 litterarum
1092 1616 1288 1655 mandare
1311 1615 1566 1654 monimentis
1600 1626 1680 1666 que
1713 1616 1855 1653 statuit
1885 1615 2043 1655 habere

193 1688 319 1727 robur
358 1691 399 1726 et
436 1685 672 1725 firmitatem.
719 1697 772 1725 ne
812 1685 1096 1725 modernorum
1137 1688 1272 1723 astuta
1312 1684 1485 1738 ingenia
1528 1694 1608 1734 que
1649 1694 1813 1733 semper
1853 1684 2043 1737 gaudent

192 1756 397 1807 nouitate,
439 1755 653 1793 inueniant
692 1754 936 1793 occasiones
979 1754 1056 1792 rite
1097 1756 1139 1792 et
1179 1756 1336 1791 mature
1376 1756 1504 1805 gesta
1542 1752 1723 1805 negocia
1757 1751 1910 1791 dolosis
1942 1764 2041 1803 per-

191 1828 361 1863 uertere
393 1822 652 1876 argumentis
693 1826 735 1861 et
775 1819 1049 1861 fraudulentis
1091 1821 1326 1860 racionibus
1365 1818 1581 1859 infirmare.
1644 1819 1846 1859 Memoria
1880 1820 2041 1872 quidem

191 1892 367 1931 humana
399 1903 480 1931 non
514 1895 579 1930 est
612 1889 814 1941 diuturna.
848 1893 889 1929 et
922 1890 957 1927 si
990 1892 1106 1927 esset
1138 1892 1284 1928 eterna
1316 1892 1430 1927 esset
1464 1888 1614 1927 diuina.
1652 1887 1831 1939 ideoque
1863 1900 2041 1928 necesse

192 1966 257 2001 est
289 1964 331 1999 ut
364 1960 530 2011 scriptis
563 1959 602 1997 in
637 1958 784 2009 quibus
827 1969 896 1997 res
937 1960 1066 2010 geste
1103 1958 1363 1995 continentur
1395 1956 1636 2009 adiuuetur,
1683 1961 1723 1995 et
1764 1956 1825 1994 sic
1867 1955 2040 2008 quodam

190 2029 446 2081 perpetuitas
479 2028 628 2067 robore
661 2031 786 2066 tenax
819 2029 981 2065 maneat
1025 2029 1069 2064 et
1098 2025 1357 2064 inconcussa.
1420 2024 1625 2064 Nouerint
1655 2025 1795 2075 itaque
1829 2027 1908 2063 tam
1940 2036 2040 2075 pre-

191 2102 335 2137 sentes
369 2108 487 2148 quam
521 2094 666 2146 futuri.v
715 2095 820 2146 quod
855 2106 930 2133 nos
963 2093 1278 2133 considerantes
1311 2097 1389 2131 tam
1424 2097 1588 2132 nostras
1620 2103 1753 2131 noxas
1788 2103 1907 2143 quam
1940 2092 2040 2146 glo-

191 2166 302 2204 riose
333 2165 523 2204 memorie
557 2164 684 2215 patris
717 2163 845 2202 nostri
880 2163 1040 2202 nomine
1064 2162 1237 2200 Premisl
1272 2173 1297 2199 a
1320 2173 1399 2212 quo
1424 2161 1556 2200 sortiti
1589 2172 1728 2199 sumus
1762 2161 1966 2214 originem
2000 2164 2041 2200 et

192 2244 350 2272 nomen.
398 2234 465 2284 qui
509 2232 641 2270 multis
684 2230 866 2271 interfuit
914 2231 1106 2284 negociis
1148 2229 1302 2280 imperii
1346 2235 1386 2267 et
1432 2230 1560 2268 eciam
1601 2229 1776 2279 propriis
1818 2229 1857 2266 in
1893 2228 2041 2279 quibus

192 2301 313 2340 multa
360 2301 497 2355 gessit
540 2312 620 2351 que
662 2300 752 2338 sine
792 2305 964 2350 peccato
1011 2310 1089 2337 non
1135 2302 1323 2348 poterant
1365 2297 1585 2335 terminari.
1629 2296 1760 2334 visum
1803 2295 1877 2334 fuit
1921 2296 2040 2334 nobis

193 2369 359 2410 easdem
392 2373 489 2419 aput
522 2368 876 2407 clementissimum
916 2366 1086 2405 iudicem
1131 2367 1167 2403 in
1202 2370 1425 2416 conspectu
1464 2365 1580 2403 cuius
1614 2364 1762 2402 nullum
1798 2364 1943 2402 bonum
1981 2364 2040 2401 ir-

193 2442 503 2477 remuneratum.
549 2436 701 2474 nostris
742 2435 975 2474 elemosinis
1019 2435 1221 2473 releuare.
1271 2432 1380 2472 vnde
1421 2432 1471 2471 ad
1515 2433 1602 2483 pias
1645 2432 1872 2482 peticiones
1907 2429 2040 2471 fidelis

193 2506 319 2545 nostri
362 2503 554 2553 u'oyteh
606 2504 777 2542 nomine.
830 2509 870 2541 et
912 2503 1123 2541 abbatisse
1169 2502 1384 2552 tociusque
1430 2506 1659 2539 conuentus
1702 2499 1947 2538 dominarum
1997 2500 2036 2537 in

1515 2569 1624 2611 29ζνὸ
