2217 2829
1087 139 1191 178 224

1089 301 1187 341 XII.

202 407 420 449 Otultarus
452 409 503 460 1.,
535 421 618 450 rex
641 410 861 461 Boe‘miae,
885 412 995 463 jura
1023 412 1296 464 zlupcmoram
1327 415 1575 465 proriae-iae
1606 415 1892 468 Znoymensvsss
1925 421 1967 457 ct
1988 419 2072 458 Bi-

192 479 391 518 tori-ensis
431 491 457 517 α
495 478 604 518 duce
645 478 844 519 Com-ado
886 493 924 518 a.
961 480 1104 519 1084.
1147 484 1186 520 et
1228 481 1326 520 aliis
1365 493 1446 521 nec
1485 494 1573 522 non
1613 496 1640 522 a
1678 497 1723 523 se
1763 486 1866 537 ipso
1907 488 2072 531 statuta

695 547 901 599 publicat.
970 549 1137 588 Datum
1168 550 1392 601 Znoymae
1426 550 1571 590 1222.

351 668 395 719 C
432 679 479 732 †.
545 680 592 719 ln
635 681 797 720 nomine
841 686 988 721 sancte
1030 687 1072 721 et
1113 682 1324 722 indiuidue
1366 683 1575 722 trinitatis.
1640 682 1861 724 Otacarus.
1917 687 1985 737 qui
2028 691 2069 726 et

201 750 378 788 Premisl
412 749 478 789 dei
511 750 660 803 gracia
694 749 937 790 Boemorum
970 751 1091 803 Rex7
1139 751 1326 790 omnibus
1359 752 1624 805 generaliter
1655 752 1934 803 Znoymensis
1967 766 2068 806 pro-

204 819 340 858 uincie
373 818 566 857 militibus
601 819 909 870 imperpetuum:
976 819 1158 871 Equitati
1200 824 1266 858 est
1309 823 1634 860 consentaneum
1676 825 1718 860 et
1751 823 1874 875 regie
1907 833 2066 862 conue—

203 888 323 926 niens
357 887 607 926 excellentie
640 888 796 938 pariter
837 892 879 927 et
911 887 1069 927 honori.
1103 887 1233 927 modis
1267 888 1453 928 omnibus
1495 889 1547 927 ad
1581 888 1658 928 hoc
1691 890 1909 930 intendere
1941 894 2068 943 atque

199 956 284 994 niti.
322 959 364 994 ut
398 967 515 995 nemo
550 961 694 995 contra
728 957 827 995 iuris
860 956 1044 995 ordinem
1077 961 1359 1010 aggrauetur.
1404 956 1479 996 sed
1513 958 1604 996 iura
1637 959 1769 997 onmia
1803 970 2064 999 conseruen-

198 1028 264 1064 tur
311 1025 531 1076 unicuique
577 1026 742 1076 penitus
789 1025 1045 1064 inconuulsa.
1108 1025 1226 1064 Juris
1269 1025 1375 1064 enim
1417 1025 1697 1065 obseruantia.
1745 1030 1787 1066 et
1828 1028 2065 1078 temporalis

200 1094 368 1133 lionoris
401 1094 540 1148 gloria
575 1097 861 1133 conseruatur.
905 1098 947 1133 et
979 1094 1112 1133 anime
1153 1106 1177 1132 a
1211 1093 1289 1133 deo
1332 1095 1372 1132 in
1405 1094 1552 1134 celesti
1591 1095 1725 1145 patria
1758 1096 1952 1146 premium
1985 1097 2062 1134 tri-

197 1163 357 1202 buetur.
420 1162 486 1201 Ne
519 1166 654 1202 autem
689 1174 740 1201 ea
774 1163 862 1201 iura
896 1174 977 1213 que
1010 1164 1125 1214 prius
1167 1175 1190 1201 a
1226 1163 1381 1202 nostris
1416 1163 1790 1214 predecessoribus
1822 1167 1867 1202 ut
1898 1176 1922 1202 a
1955 1163 2064 1204 bone

193 1233 386 1271 memorie
420 1231 525 1271 duce
551 1229 761 1271 Conrado.
798 1235 840 1271 et
872 1231 924 1270 ab
958 1231 1050 1270 aliis
1084 1231 1337 1282 postmodum
1370 1234 1507 1270 autem
1539 1232 1709 1270 anobis
1742 1232 1781 1270 in
1807 1235 1890 1271 tota
1912 1231 2062 1282 Znoy-

194 1302 322 1339 mensi
359 1301 567 1352 prouincia
604 1304 699 1339 sunt
732 1303 900 1339 statuta.
936 1312 1138 1351 processu
1171 1301 1367 1351 temporis
1401 1312 1479 1351 per
1513 1312 1756 1352 quemquam
1791 1301 1951 1351 possint
1983 1301 2060 1340 ho-

190 1371 337 1408 minum
381 1370 581 1408 inmutari.
633 1368 708 1407 sed
755 1373 955 1420 perpetuo
998 1369 1164 1407 stabilia
1206 1372 1476 1420 permaneant
1520 1372 1646 1420 atque
1688 1366 1812 1407 firma.
1886 1369 2061 1408 Nouerit

193 1443 272 1476 tam
307 1450 483 1489 presens
525 1442 616 1478 etas
662 1450 782 1489 quam
815 1439 906 1477 eius
939 1449 1124 1489 sequens
1158 1438 1394 1489 posteritas.
1439 1437 1547 1489 quod
1583 1450 1659 1477 nos
1694 1437 1833 1476 habito
1867 1437 2058 1491 diligenti

193 1512 370 1546 tractatu
404 1520 493 1546 cum
528 1506 717 1546 fidelibus
751 1507 905 1545 nostris
938 1507 1138 1558 suppanis
1172 1507 1337 1545 Boemis
1372 1507 1527 1557 pariter
1571 1510 1613 1545 et
1645 1505 1834 1545 Mon-auis
1868 1506 2058 1546 uolentes

190 1577 242 1615 ab
277 1577 462 1615 (minibus
496 1579 697 1627 perpetuo
733 1575 1025 1614 inuiolabiliter
1058 1575 1288 1615 obseruari.
1353 1575 1459 1612 Jura
1500 1575 1715 1613 statuimus
1754 1575 1792 1612 in
1826 1574 1935 1612 hunc
1968 1586 2056 1613 mo-

191 1645 296 1684 dum.
362 1645 514 1684 Omnes
548 1644 805 1684 hereditates
839 1656 943 1695 quas
976 1645 1053 1682 uiri
1080 1644 1240 1682 nobiles
1273 1647 1352 1682 tam
1382 1643 1562 1682 minores
1597 1654 1714 1694 quam
1742 1643 1916 1681 maiores
1950 1646 2055 1682 tem-

193 1727 292 1765 pore
326 1714 442 1753 ducis
477 1712 660 1753 (Jonrfflli
695 1714 788 1751 sine
823 1713 997 1764 querela
1030 1714 1138 1752 iuste
1171 1716 1211 1752 et
1246 1709 1415 1763 pacifice
1440 1711 1656 1762 hucusque
1691 1710 1980 1761 possederunt.
2015 1712 2055 1749 in

193 1784 296 1822 bona
348 1783 645 1834 tranquillitate
691 1783 803 1833 paris
854 1781 1036 1821 ammodo
1085 1781 1338 1832 possideant.
1411 1780 1508 1819 Item
1558 1780 1694 1818 nullus
1737 1780 2053 1818 camerariorum

189 1854 282 1891 citet
320 1853 494 1903 aliquem
531 1853 605 1890 nisi
642 1856 756 1890 certo
799 1863 886 1890 cum
930 1851 1160 1889 testimonio
1195 1862 1334 1890 corum
1370 1861 1539 1900 quorum
1574 1850 1750 1887 interest
1791 1852 1832 1887 et
1865 1849 2051 1887 nomina-

192 1923 257 1960 tim
293 1921 464 1973 quilibet
498 1933 635 1959 eorum
672 1920 795 1959 debet
829 1920 984 1959 ducere
1018 1917 1248 1958 castellani
1289 1919 1517 1957 ilunccium.
1565 1921 1607 1956 et
1639 1918 1761 1956 alium
1803 1916 1961 1955 iudicis.
2010 1920 2050 1955 et

189 1993 359 2041 insuper
393 1990 494 2028 duos
530 1990 757 2028 Kmetones
800 1989 851 2028 de
892 1988 1292 2027 circumsedentibus
1334 1987 1454 2026 uillis.
1498 1990 1538 2026 et
1578 1987 1610 2024 si
1646 1986 1896 2024 camerarius
1936 1984 2047 2022 uadit

188 2062 276 2111 ipse
310 2059 520 2098 secundus
554 2063 623 2097 aut
657 2059 811 2096 tercius
846 2059 936 2096 sine
971 2058 1156 2096 nunrriis
1192 2055 1537 2096 beneficiatorum.
1581 2056 1615 2093 si
1651 2052 1889 2092 interficitur
1922 2052 2044 2091 nicliil

188 2129 238 2166 de
272 2141 320 2167 eo
357 2127 669 2179 respondeatiu·.
734 2126 780 2165 Si
817 2125 939 2164 l'uerit
983 2125 1047 2164 l'ur
1080 2131 1176 2177 aput
1209 2126 1384 2176 aliquem
1421 2124 1595 2163 nobilem
1638 2123 1703 2161 uel
1738 2126 1836 2173 aput
1869 2122 2046 2172 aliquem

188 2199 304 2235 euius
339 2203 398 2235 est
437 2197 529 2235 uilla
567 2203 604 2235 et
641 2195 802 2234 dederit
836 2208 925 2233 eum
960 2196 1087 2233 curie.
1136 2195 1265 2233 omnia
1311 2193 1416 2231 bona
1450 2204 1525 2230 sua
1559 2193 1653 2230 sint.
1698 2195 1737 2229 et
1775 2191 1920 2230 collum
1955 2191 2045 2229 eius

187 2268 223 2304 in
274 2270 514 2316 postetatem
560 2265 755 2315 principis
799 2263 930 2302 detur.
1007 2264 1180 2313 insuper
1226 2263 1260 2300 si
1305 2260 1369 2299 sur
1407 2262 1567 2311 capitur
1609 2261 1646 2297 in
1690 2260 1830 2310 aliquo
1874 2259 1961 2297 loco
2004 2262 2045 2297 et

188 2334 466 2384 suspenditur.
515 2334 646 2371 onmia
689 2346 764 2371 sua
805 2337 900 2370 sunt
935 2332 1130 2382 principis
1174 2333 1313 2380 pretor
1355 2327 1505 2382 fruges
1544 2341 1624 2379 que
1658 2328 1792 2366 adhuc
1828 2338 2042 2366 remanse-

188 2408 276 2441 runt
313 2405 350 2440 in
386 2408 510 2441 terra.
579 2402 675 2439 ltem
711 2401 816 2452 ‹piod
854 2400 1001 2439 dicitur
1035 2399 1164 2438 narok
1207 2398 1282 2436 lio(-
1317 2410 1395 2437 non
1431 2397 1555 2436 debet
1597 2410 1694 2435 esse
1729 2397 1803 2435 nisi
1839 2396 1905 2434 ubi
1940 2407 2041 2433 con-

187 2478 265 2508 stet
301 2471 377 2508 sub
411 2476 525 2508 certo
560 2471 789 2508 testimonio
824 2481 896 2507 sua
935 2469 1038 2507 bona
1073 2468 1275 2506 amisisse.
1312 2467 1386 2504 nisi
1421 2466 1620 2505 acciderit
1660 2466 1697 2503 in
1732 2466 1821 2515 uia7
1864 2465 1903 2502 in
1935 2463 2041 2501 silua

189 2539 251 2575 uel
288 2539 324 2575 in
360 2539 495 2589 aliquo
529 2543 692 2577 secreto
741 2538 827 2577 loco
862 2538 926 2576 uel
961 2537 1081 2575 alicui
1127 2536 1272 2586 hospiti
1316 2540 1355 2573 et
1399 2539 1616 2585 antequam
1652 2533 1884 2571 admittatur
1917 2530 2039 2569 debet
