2217 2829
83 287 287 327 fructuum
321 292 362 326 et
395 287 654 326 seruitiorum
688 290 768 324 tam
802 286 841 323 in
874 285 1004 335 pratis
1038 295 1157 336 quam
1200 285 1240 322 in
1273 284 1391 323 siluis
1433 288 1475 323 et
1506 283 1751 323 molendinis
1785 286 1826 322 et
1858 294 1944 337 ge-

83 357 283 396 neraliter
315 357 356 394 in
389 355 576 395 omnibus
608 355 700 392 aliis
741 353 793 392 ad
836 352 1008 393 eandem
1041 353 1180 391 villam
1223 353 1525 403 pertinentibus
1567 352 1699 391 libera
1741 352 1944 405 legittima

84 429 126 464 et
158 423 342 463 officiosa
376 429 416 463 et
448 423 713 463 irreuocabili
756 422 976 461 donatione
1019 419 1189 460 consero
1228 422 1477 460 monasterio
1519 420 1842 471 {selem-ademi
1873 433 1946 460 or-

86 493 192 531 dinis
226 492 526 542 cysterciensis
568 496 610 531 et
652 491 846 541 dyocesis
880 489 1167 530 olomucensis
1209 490 1260 528 ab
1302 501 1351 529 eo
1384 490 1492 529 iuste
1532 489 1798 540 proprietatis
1830 489 1946 528 titulo

83 565 284 612 perpetuo
318 559 609 611 possidendam
650 564 696 598 vt
729 557 883 598 fratres
924 558 1108 598 eiusdem
1141 558 1302 597 cenobii
1344 570 1417 609 pro
1451 569 1542 597 mea
1574 568 1838 609 meorumque
1871 569 1945 597 sa-

83 630 169 668 lute
211 627 515 668 misericordem
559 627 759 666 dominum
806 628 963 681 iugiter
1005 626 1184 666 debeant
1234 627 1516 677 interpellare.
1590 626 1649 664 vt
1689 629 1826 665 autem
1867 625 1947 665 hec

84 709 175 736 mea
209 697 372 736 donatio
406 695 518 734 firma
552 697 605 734 sit
638 699 679 734 et
711 696 873 734 stabilis
916 699 957 734 et
989 699 1189 746 perpetuo
1231 698 1395 734 maneat
1429 695 1678 733 inconcussa
1722 705 1812 733 eam
1844 705 1945 745 pre-

84 767 193 805 senti
238 769 354 804 carta
399 765 604 803 conscribi
647 768 689 803 et
733 765 811 804 mei
852 763 984 817 sigilli
1032 764 1132 802 iussi
1175 764 1392 802 munimine
1434 763 1634 802 roborari.
1711 762 1863 801 Datum
1906 763 1946 801 in

83 833 302 873 Sti-asnicz
344 837 385 872 et
426 837 560 871 actum
601 845 708 871 anno
751 832 898 872 domini
941 832 1000 870 M.
1036 830 1208 872 CCCH.
1251 831 1370 870 VIII.
1404 831 1503 870 Idus
1536 830 1679 870 Martii
1721 830 1946 870 indictione

85 903 225 953 quinta
260 901 431 941 decima.

397 1001 445 1031 Fx
471 1001 623 1042 originali
649 1000 799 1041 ejusdem
825 1001 1027 1039 monasterii,
1054 999 1151 1040 cujus
1176 1000 1319 1041 sigillum
1344 1000 1494 1030 avulsum
1521 1001 1583 1030 est.

914 1147 1111 1188 CXXXI.

90 1261 397 1311 Theodericus,
431 1262 652 1312 episcopus
685 1261 1000 1310 olomucensis,
1034 1260 1256 1312 confirmat
1287 1260 1541 1298 unmasterio
1575 1258 1622 1299 S.
1658 1258 1813 1300 Clarae
1841 1259 1946 1299 010-

84 1331 216 1368 mucii
256 1333 295 1368 et
336 1330 558 1380 Znoymue
598 1329 888 1378 incledqenlias
929 1341 954 1367 a
995 1328 1216 1367 nonnulli-s·
1257 1329 1464 1379 episcopis
1505 1327 1694 1367 collatas.
1759 1329 1860 1367 Dto.
1902 1329 1946 1367 in

589 1397 780 1436 Olomnc.
816 1397 872 1435 X.
907 1396 1094 1435 Kalend.
1128 1396 1258 1435 ‚Iunii
1294 1396 1436 1434 1302.

239 1506 551 1568 Theodericum
586 1516 649 1555 dei
684 1517 833 1570 gracia
860 1516 1147 1555 Olomucensis
1180 1516 1429 1567 Episcopus.
1493 1516 1669 1555 Dilectis
1702 1517 1743 1555 in
1778 1513 1947 1556 Christo

85 1586 256 1626 decanis
291 1586 478 1637 plebanis
512 1586 820 1637 viceplebanis7
867 1596 945 1624 sev
989 1585 1241 1636 quibuslibet
1277 1585 1558 1623 Ecclesiarum
1600 1585 1834 1624 rectoribus
1872 1596 1948 1636 per

85 1654 399 1694 olomucensem
442 1654 651 1704 dyocesim
694 1654 949 1706 constitutis,
997 1654 1184 1704 qinimmo
1228 1654 1437 1692 vniuersis
1472 1651 1628 1693 Christi
1672 1651 1860 1693 fidelibus
1893 1653 1948 1693 ad

87 1734 190 1773 quos
224 1734 402 1773 presens
436 1723 628 1773 scriptum
664 1723 903 1773 peruenerit
945 1723 1118 1761 salutem
1160 1723 1199 1760 in
1235 1722 1394 1761 domino
1433 1723 1736 1773 sempiternam.
1800 1723 1946 1763 Noue-

87 1791 176 1829 ritis
210 1803 286 1828 nos
321 1791 478 1829 vidisse
511 1795 551 1830 et
585 1791 844 1841 approbasse
883 1794 923 1829 et
956 1789 1222 1829 confirmasse
1255 1791 1415 1830 litteras
1450 1790 1815 1844 imlulgentiaruim
1857 1804 1946 1831 mo-

86 1860 270 1898 nasterio
317 1859 681 1897 sanctimonialium
729 1859 884 1897 ordinis
930 1863 1074 1898 sancte
1117 1857 1245 1898 Clare
1287 1861 1326 1898 in
1374 1859 1543 1899 Olomuz
1591 1864 1631 1899 et
1677 1861 1715 1898 in
1757 1861 1948 1910 Znoyma

88 1927 284 1979 donatas„
333 1938 407 1977 per
451 1927 717 1966 venerabiles
760 1928 796 1964 in
842 1925 1010 1966 Christo
1058 1932 1198 1978 patres
1246 1932 1287 1967 et
1328 1927 1481 1967 fratres
1523 1929 1863 1979 archiepiscopos
1906 1934 1948 1968 et

90 1996 341 2047 Episcopos.
389 2007 557 2046 quorum
601 1996 761 2033 nomina
799 2001 893 2033 sunt
926 1996 1017 2034 hec.
1083 1997 1320 2049 angerius,
1367 2002 1513 2036 sancte
1546 1997 1756 2037 Severine
1789 1998 1946 2036 Archi-

87 2065 320 2115 episcopus.
390 2063 520 2102 frater
575 2064 729 2101 Paulus
784 2062 1078 2102 iilalsectanus.
1154 2065 1405 2104 Franciscus
1460 2064 1660 2105 fanensis.
1735 2066 1945 2116 „ymarus

87 2133 282 2171 Lucerie.
355 2133 543 2171 Joannes
594 2130 954 2183 Capudaqucnsis.
1023 2132 1156 2171 Adam
1202 2133 1487 2173 Marturanus.
1551 2133 1793 2185 Stephanus
1841 2134 1945 2186 Opi-

88 2200 243 2239 densis.
307 2201 523 2239 llvbertus
571 2201 838 2239 Feretranus.
903 2202 1115 2240 Perronus
1164 2202 1421 2242 narniensis.
1487 2201 1618 2241 frater
1660 2202 1810 2252 (lanyel
1854 2204 1944 2242 La—

89 2268 398 2320 quedoniensis.
463 2269 692 2322 l’asgualis
736 2267 1029 2308 Cassanensis.
1090 2275 1131 2309 et
1171 2271 1358 2311 ‚lacobus
1397 2271 1697 2310 Ti·eventinus.
1762 2271 1945 2319 Quilibet

89 2348 226 2375 eorum
262 2338 538 2390 quadraginta
584 2337 672 2375 dics
715 2338 766 2377 de
808 2339 1000 2376 iniunctis
1043 2340 1279 2389 penitentiis
1323 2340 1484 2378 relaxat
1517 2339 1703 2378 omnibus
1742 2341 1807 2391 qui
1844 2353 1944 2391 pre-

89 2405 221 2444 dictas
261 2405 400 2443 domos
435 2407 718 2455 visitancrint7
761 2411 801 2444 et
834 2407 885 2445 ad
927 2418 1054 2457 opera
1087 2407 1310 2446 earundem
1352 2420 1495 2446 manus
1532 2407 1760 2447 adiutrices
1794 2421 1943 2460 porre—

87 2475 239 2517 xerint,
274 2486 351 2513 sev
386 2475 588 2525 quippiam
623 2475 716 2513 boni
743 2476 932 2525 personis
967 2487 1043 2513 sev
1078 2476 1230 2514 nuntiis
1264 2477 1443 2526 ipsarum
1478 2475 1753 2529 inpendcrint7
1789 2481 1830 2516 et
1863 2478 1943 2517 hu-

89 2542 258 2581 iusmodi
293 2543 456 2595 gratias
495 2543 751 2582 donauerunt
796 2548 934 2594 patres
976 2545 1182 2583 memorati
1227 2549 1427 2595 pcrpetno
1470 2544 1702 2583 duraturas.
1768 2546 1944 2597 Insuper
