2217 2829
1001 151 1097 192 179

123 292 267 346 gimen
300 290 448 331 ibidem
480 291 532 344 ei7
565 294 685 342 prout
716 289 770 329 ad
801 293 984 330 nostrum
1016 294 1178 342 spectat
1210 288 1385 330 officium
1418 291 1729 330 committentes.
1779 289 1829 329 111
1861 290 1979 329 cuius

124 361 186 399 rei
217 360 485 398 testimonium
520 362 740 410 presentes
780 359 941 398 litteras
974 356 1083 411 fieri7
1125 362 1167 397 et
1207 358 1338 412 sigilli
1378 359 1508 398 nostri
1549 359 1766 397 munimine
1806 356 1978 398 fecimus

125 428 372 467 communiri.
435 427 586 466 Datum
618 428 659 466 in
691 426 881 466 Modricz
913 439 1021 466 anno
1055 426 1204 466 domini
1235 425 1457 466 Millesimo
1497 427 1789 467 trecentesimo
1823 427 1976 478 quinto.

123 495 328 536 Kalendis
359 494 523 547 Martii3
561 493 820 546 pontificatus
853 495 983 534 nostri
1016 506 1123 535 anno
1157 493 1355 534 secundo.

432 593 485 624 Ex
509 594 660 635 originali
684 595 715 625 in
741 593 877 625 archivo
903 592 940 625 S.
960 593 993 624 J.
1020 594 1141 624 Brunn.

952 739 1148 781 CLXXI.

121 851 339 902 Joannes,
386 854 607 904 episcopus
639 852 955 902 olomucensis,
997 852 1218 904 confirmat
1255 855 1552 891 testamentum
1596 851 1822 891 U'ernherz'
1852 852 1977 891 scho-

122 919 260 958 lastici
292 921 525 970 Praqensis
558 924 597 959 e!
630 922 824 959 canonici
857 921 1161 960 olomucensis.
1208 921 1309 960 Dlo.
1345 921 1390 959 in
1423 920 1654 959 Pnstomeff
1683 920 1763 959 XI.
1788 920 1975 959 Kalend.

874 989 1045 1041 Aprilis.
1083 989 1226 1027 1305.

275 1095 355 1145 IN
397 1109 557 1147 nomine
607 1107 754 1146 domini
805 1119 935 1147 amen.
1008 1108 1106 1161 Ego
1149 1107 1398 1147 Vernherus
1445 1107 1693 1147 scolasticus
1735 1107 1974 1161 Pragensis

121 1175 303 1215 ecclesie
337 1180 376 1214 et
410 1177 634 1215 canonicus
668 1175 969 1228 Olomucensis7
1003 1175 1223 1215 attendens
1258 1175 1365 1227 quod
1402 1176 1526 1214 nichil
1560 1176 1723 1215 cercius
1758 1180 1823 1215 est
1847 1182 1976 1216 morte

121 1248 161 1282 et
195 1243 316 1282 nichil
352 1244 557 1283 incercius
590 1244 691 1283 hora
725 1245 877 1283 mortis.
941 1244 989 1283 In
1031 1245 1136 1283 bona
1177 1244 1414 1283 ualetudine
1456 1244 1660 1295 corporali
1703 1256 1807 1282 sana
1840 1250 1975 1283 mente

120 1316 246 1363 atque
278 1312 386 1351 bona
420 1313 579 1351 ratione
621 1317 661 1351 et
703 1314 738 1351 si
771 1316 1057 1352 testamentum
1098 1311 1241 1352 facere
1283 1325 1364 1352 non
1406 1313 1515 1363 potui
1559 1311 1666 1363 quod
1710 1311 1760 1351 de
1798 1313 1975 1364 propriis

120 1380 244 1418 nichil
277 1380 401 1418 habui
435 1385 568 1419 tamen
612 1392 662 1419 ea
704 1392 784 1431 que
817 1381 868 1419 ab
903 1381 1095 1420 ecclesiis
1137 1381 1261 1419 habui
1305 1380 1356 1420 de
1393 1382 1487 1432 jure
1530 1380 1631 1420 dare
1673 1382 1783 1431 potui
1827 1381 1974 1420 valens

121 1448 244 1486 saluti
286 1449 418 1487 anime
451 1459 541 1487 mee
575 1448 818 1499 prouidere.
866 1448 957 1488 dedi
992 1449 1169 1500 leprosis
1211 1454 1251 1488 et
1284 1449 1475 1500 hospitali
1519 1450 1651 1487 omnia
1685 1460 1765 1500 que
1799 1450 1838 1487 in
1872 1460 1973 1501 pre-

118 1516 255 1555 benda
295 1528 385 1554 mea
426 1517 466 1554 in
507 1516 695 1567 Topolan
740 1528 802 1555 me
844 1523 1007 1556 constat
1047 1516 1204 1556 habere
1245 1517 1440 1557 uidelicet
1485 1518 1664 1556 iumenta
1707 1518 1837 1556 omnia
1885 1530 1975 1557 cum

119 1584 300 1636 poledris
346 1585 530 1623 omnibus
573 1586 705 1623 omnia
746 1585 934 1624 animalia
975 1591 1053 1623 tam
1094 1597 1249 1639 magna
1297 1597 1419 1637 quam
1460 1598 1591 1637 parua
1637 1597 1779 1625 omnes
1826 1598 1974 1637 porcos

118 1664 295 1705 magnos
338 1657 379 1691 et
420 1665 573 1703 paruos
620 1665 722 1691 oues
773 1665 914 1692 omnes
960 1654 1051 1692 sine
1097 1653 1368 1694 diminucione
1409 1667 1596 1693 annonas
1640 1659 1718 1693 tam
1760 1654 1973 1705 hyemales

120 1732 239 1772 quam
273 1720 470 1759 estiuales
504 1733 593 1759 cum
635 1722 821 1760 omnibus
863 1733 943 1772 que
985 1727 1082 1760 sunt
1122 1722 1176 1760 ibi
1219 1723 1420 1762 seminata
1464 1723 1531 1762 uel
1575 1735 1655 1774 que
1688 1734 1762 1774 per
1800 1735 1862 1763 me
1897 1723 1972 1762 (le-

118 1788 215 1827 bent
250 1789 443 1827 seminari
477 1795 515 1827 et
550 1789 683 1839 pullos
717 1801 857 1828 omnes
899 1796 942 1828 ut
975 1801 1082 1840 eque
1116 1794 1207 1841 post
1240 1795 1407 1830 mortem
1440 1802 1568 1829 meam
1611 1792 1718 1829 inter
1756 1803 1829 1831 eos
1863 1791 1971 1830 diui-

118 1856 268 1895 dantur
301 1869 373 1907 pro
408 1856 586 1896 remedio
621 1858 754 1895 anime
788 1858 1014 1911 Peregrini
1056 1862 1095 1897 et
1130 1871 1202 1909 pro
1236 1859 1371 1897 salute
1409 1860 1542 1898 anime
1576 1871 1678 1898 mee.
1744 1860 1844 1899 Item
1878 1860 1969 1900 dedi

117 1924 305 1963 Luduico
341 1931 378 1963 ct
415 1925 600 1963 l)alic011i
636 1926 735 1963 uicis
769 1925 1047 1964 seruientibus
1080 1926 1212 1964 omnia
1246 1927 1423 1966 iumenta
1457 1940 1546 1966 cum
1572 1927 1752 1978 poledris
1786 1929 1970 1967 omnibus

117 1993 307 2031 animalia
341 1994 471 2031 omnia
507 2000 584 2030 tam
620 2004 774 2046 inagna
808 2006 926 2044 quam
959 2006 1086 2044 parua
1120 2005 1222 2033 oues
1255 2007 1396 2034 omnes
1420 2007 1509 2035 cum
1543 1997 1727 2034 omnihus
1762 1998 1896 2047 porcis
1930 2005 1968 2036 et

119 2061 250 2111 pullos
292 2073 379 2099 cuin
424 2062 524 2099 satis
572 2062 815 2099 ‹·stiualil›us
862 2062 901 2099 in
945 2062 1042 2101 villa
1084 2074 1164 2113 que
1201 2063 1408 2103 U'siscze
1448 2070 1722 2116 nuncupatur7
1765 2064 1969 2114 hyemalia

118 2139 217 2167 uero
251 2128 398 2167 ibidem
432 2130 667 2167 successori
711 2142 798 2167 nico
833 2129 884 2168 de
919 2131 1005 2169 iure
1040 2130 1262 2182 debentur.¹
1305 2131 1405 2170 Item
1449 2131 1543 2170 (ledi
1577 2131 1734 2170 Ortlino
1768 2134 1966 2172 seruienti

117 2208 206 2236 meo
240 2197 278 2234 in
316 2197 467 2234 Ribnik
502 2198 632 2235 omnia
667 2199 844 2236 iumenta
883 2210 970 2236 cuni
1013 2198 1197 2236 omnibus
1239 2199 1482 2237 animalibus
1524 2203 1565 2238 et
1606 2212 1746 2239 omnes
1780 2214 1966 2240 ainionas

118 2266 211 2303 item
245 2266 282 2302 in
319 2266 447 2318 longa
483 2266 579 2303 villa
616 2267 800 2317 relinquo
843 2279 914 2317 pro
949 2266 1254 2305 olwdienciario
1297 2267 1364 2317 qui
1407 2279 1480 2317 pro
1521 2272 1704 2318 tempore
1737 2267 1858 2307 fucrit
1894 2282 1965 2320 pro

117 2332 328 2384 prebenda
364 2346 481 2384 quain
516 2336 652 2373 crcaui
689 2335 726 2372 in
763 2335 942 2373 ccclesia
977 2334 1236 2373 olomucensi
1280 2346 1351 2385 pro
1385 2335 1561 2385 panibus
1595 2341 1636 2374 et
1669 2335 1964 2377 distribucionc

118 2400 389 2439 denariorum.
424 2402 475 2439 ll.
511 2415 670 2440 marcas
703 2414 959 2455 grossorum.
999 2415 1085 2440 cuin
1121 2402 1282 2440 dimidia
1315 2415 1463 2441 marca.
1528 2403 1672 2443 Eidem
1706 2405 1824 2443 etiam
1860 2406 1963 2445 obe—

117 2469 330 2508 dientiario
366 2469 510 2508 ibidem
554 2478 639 2509 tres
674 2469 857 2509 fertones
898 2482 1142 2523 grossorum
1185 2477 1224 2509 et
1268 2470 1469 2509 dimidium
1505 2469 1706 2511 fertonem
1740 2484 1813 2523 pro
1848 2476 1959 2513 curia

117 2539 154 2576 in
191 2538 351 2577 llodina
387 2550 504 2588 quain
540 2538 799 2577 'l'licodricus
835 2540 1014 2577 vicariiis
1056 2552 1169 2578 meus
1203 2539 1341 2590 haben
1383 2540 1476 2578 item
1511 2539 1642 2579 cidem
1677 2540 1961 2591 'l'hseodricoj

1437 2608 1550 2650 23*
