2217 2829
1090 315 1164 353 111.

185 428 425 477 Hem-icus,
459 426 555 465 dux
588 426 808 465 Bai-ariae
842 428 881 464 et
914 425 1102 464 marchio
1135 419 1520 475 Au.s·t1·z·ae‚'litem
1552 427 1664 465 inter
1697 425 1968 477 Chadoldum
2001 427 2054 467 de

184 496 359 535 Harroz-
391 498 433 534 et
461 496 625 547 fratres
657 493 880 545 hospitalis
911 492 960 534 S.
994 493 1183 533 Joannis
1215 493 1596 545 Hierosolymitani
1631 506 1761 546 snper
1791 496 2055 546 possessione

256 565 300 602 in
332 561 590 614 Jlauerbery
624 561 881 613 [neither-9)
915 562 1140 613 componit.
1204 561 1306 600 Dto.
1340 561 1551 613 Neuburq
1583 561 1761 603 ΧῘἸΙΙ.
1795 563 1983 602 Kalend.

898 628 1162 682 Septembris
1197 629 1343 669 1156.

360 738 414 789 In
450 750 614 790 nomine
647 752 794 789 sancte
836 752 878 789 et
910 748 1120 789 indiuidue
1158 750 1372 802 trInitatis7
1418 749 1644 789 Heinricus
1688 749 1753 790 dei
1786 751 1938 805 gracia
1971 750 2055 790 dux

186 818 398 859 Bauuarie
431 822 472 858 et
505 817 685 858 marchio
719 818 878 857 austrie
911 817 1084 857 salutem
1119 818 1305 857 omnibus
1341 815 1469 858 Cristi
1503 815 1706 858 fidelibus.

355 886 554 935 Quoniam
597 885 761 938 quidem
804 885 871 926 dei
913 884 1083 925 fauente
1125 886 1365 925 clemencia.
1420 897 1623 938 prospera
1663 886 1894 926 succedunt
1934 887 2055 927 nobis

187 960 385 1007 tempora.
421 954 543 995 decet
575 959 619 994 ut
651 955 731 994 sibi
764 953 1014 994 famulantes
1049 953 1272 1008 diligamus
1307 958 1348 993 et
1380 952 1608 995 soueamus.
1643 967 1692 994 ac
1726 956 1817 1006 paci
1852 959 1893 995 et
1926 956 2055 1007 quieti

188 1036 328 1064 eorum
361 1023 666 1075 prouideamus.
710 1026 918 1075 quatenus
956 1027 996 1062 et
1030 1023 1161 1074 ipsius
1202 1022 1268 1061 hic
1310 1034 1540 1062 mereamur
1574 1023 1681 1062 dona
1721 1024 1929 1075 ampliora.
1976 1035 2055 1063 nec

188 1093 308 1132 bonis
341 1093 551 1144 priuemur
593 1103 674 1144 que
707 1092 843 1131 beatis
885 1092 925 1130 in
959 1090 1095 1130 futuro
1130 1092 1170 1130 in
1205 1091 1307 1131 celis
1340 1095 1436 1130 sunt
1477 1092 1674 1142 reposita.
1738 1091 1891 1131 Diuine
1923 1093 2056 1146 igitur

187 1164 384 1212 respectu
417 1160 568 1214 gracie
601 1171 767 1211 operam
810 1159 995 1200 dedimus
1028 1160 1138 1199 litem
1172 1158 1301 1199 finire.
1351 1171 1431 1211 que
1473 1158 1549 1198 suit
1586 1161 1694 1199 inter
1726 1159 1970 1200 chadoldum
2004 1159 2056 1200 de

186 1229 352 1268 harroz.
388 1232 428 1268 et
461 1227 615 1268 fratres
649 1229 783 1268 sancti
816 1228 1007 1268 iohannis
1034 1228 1216 1280 baptiste
1247 1228 1464 1280 hospitalis
1496 1228 1770 1268 hierosolime.
1804 1239 1931 1280 super
1954 1240 2056 1280 pos-

189 1299 381 1337 sessione
414 1297 549 1349 patrui
583 1297 647 1336 sui
672 1295 877 1337 Chadoldi
911 1297 1102 1337 senioris.
1136 1296 1333 1336 uidelicet
1356 1297 1585 1336 Mourberc
1618 1309 1707 1336 cum
1736 1297 1923 1337 omnibus
1955 1307 2056 1348 per-

188 1367 379 1406 tinenciis
421 1366 521 1405 suis.
569 1377 689 1417 quam
735 1377 808 1417 pro
851 1365 1033 1405 remedio
1078 1366 1213 1404 anime
1250 1376 1327 1404 sue
1372 1377 1622 1417 suorumque
1668 1365 1735 1404 ad<
1766 1365 1900 1404 altare
1942 1365 2056 1404 beati

189 1435 370 1486 baptiste
412 1434 602 1473 iohannis
644 1435 685 1472 in
727 1433 1003 1474 hierosolima.
1054 1435 1219 1486 propria
1258 1446 1377 1473 manu
1415 1438 1456 1473 et
1489 1435 1737 1485 potestatiua
1770 1445 1892 1473 manu
1923 1433 2057 1473 libere

192 1503 423 1557 delegauit.
488 1503 633 1542 Sciant
675 1513 783 1556 ergo
818 1506 897 1541 tam
932 1506 1153 1554 presentes
1187 1514 1306 1554 quam
1339 1500 1462 1541 futuri
1498 1502 1604 1553 quod
1648 1502 1752 1541 idem
1785 1503 1919 1540 iunior
1951 1501 2054 1540 cha-

191 1571 338 1611 doldus
372 1583 509 1611 coram
544 1569 732 1610 fidelibus
767 1572 921 1610 nostris
955 1572 995 1610 in
1029 1583 1172 1610 manus
1202 1575 1368 1610 nostras
1401 1571 1465 1609 ius
1499 1568 1744 1610 beneficiale
1776 1581 1948 1621 prorsus
1982 1581 2054 1609 re-

191 1639 351 1679 futauit.
387 1640 494 1692 quod
530 1639 692 1691 prefate
726 1641 984 1691 possessioni
1019 1639 1272 1679 intendebat.
1322 1639 1501 1689 indeque
1535 1638 1744 1689 predictos
1778 1636 1932 1676 fratres
1965 1635 2055 1676 sre-

192 1714 369 1761 quenter
424 1707 648 1762 fatigabat.
726 1709 880 1749 Uerum
939 1707 1093 1748 fratres
1144 1720 1216 1759 pro
1268 1707 1523 1746 succidenda
1576 1707 1645 1746 lite
1695 1710 1735 1745 et
1786 1705 2057 1757 adipiscenda

194 1777 423 1829 perpetuali
468 1788 584 1827 pace.
634 1777 737 1815 (luas
780 1778 816 1816 ei
860 1776 1121 1816 tradiderunt
1158 1778 1305 1816 uineas
1348 1775 1613 1829 Grinzingen
1653 1776 1769 1813 sitas.
1817 1774 1869 1814 de
1906 1772 2059 1813 familia

191 1858 294 1885 uero
341 1858 363 1884 a
409 1844 570 1896 prefato
618 1846 785 1884 seniore
832 1845 1035 1885 ehadoldo
1081 1846 1159 1884 sibi
1205 1845 1368 1884 tradita.
1417 1844 1657 1884 dimiserunt
1704 1844 1740 1883 ei
1785 1842 1975 1883 Ottonem
2017 1845 2059 1881 et

196 1914 435 1953 Vdalricum
478 1913 704 1953 Gerlolnnn
744 1919 784 1953 et
821 1914 1104 1953 lVoluoldum.
1152 1918 1193 1953 et
1232 1913 1336 1952 duas
1378 1924 1547 1953 sorores
1590 1910 1894 1966 Regenwardi.
1960 1910 2057 1961 lpse

192 1995 294 2023 uero
329 1984 461 2021 iunior
493 1982 736 2021 chadoldus.
773 1984 811 2021 in
846 1987 986 2022 nostra
1020 1986 1336 2034 nostrorumque
1362 1980 1536 2021 fidelium
1570 1981 1803 2032 presencia.
1838 1978 2057 2030 spopondit

195 2063 242 2091 se
276 2063 482 2103 nunquam
515 2051 690 2102 amplius
733 2063 835 2102 sepe
869 2051 1001 2091 dictos
1041 2049 1194 2090 fratres
1227 2051 1364 2102 aliquo
1398 2050 1514 2090 modo
1549 2048 1849 2088 int'estaturum.
1896 2058 1975 2086 nec
2018 2047 2056 2085 in

193 2119 358 2159 familia.
392 2132 471 2159 nee
505 2121 544 2158 in
579 2121 862 2170 possessione.
905 2132 983 2159 nee
1016 2121 1055 2159 in
1090 2120 1171 2158 alia
1204 2130 1462 2171 quacumque
1495 2131 1553 2158 re.
1597 2128 1733 2168 neque
1768 2128 1842 2167 per
1875 2127 1935 2156 se.
1978 2126 2057 2154 ne-

195 2201 276 2240 que
311 2200 385 2240 per
417 2189 579 2239 aliquos
613 2201 792 2227 suorum.
836 2200 973 2240 neque
1007 2200 1081 2240 per
1114 2189 1355 2227 submissas.
1403 2191 1471 2225 aut
1506 2199 1582 2238 per
1613 2184 1924 2224 summittendas
1957 2195 2057 2235 per-

196 2270 334 2298 sonas.
370 2258 530 2296 scilieet
564 2270 617 2297 ex
652 2262 769 2308 parte
802 2269 878 2295 sua
912 2258 1169 2308 (nnniinnque
1203 2268 1379 2295 suorum.
1415 2266 1557 2306 pacem
1591 2255 1652 2293 eis
1687 2253 1982 2305 perpetualiter
2010 2263 2058 2292 se

196 2332 550 2366 ronseruaturum.
620 2326 671 2367 st
713 2330 848 2365 autem
892 2338 942 2365 ea
985 2338 1065 2377 que
1098 2330 1225 2379 gesta
1262 2329 1371 2363 sunt.
1418 2325 1665 2363 auctoritate
1708 2327 1862 2362 nostra.
1920 2321 2059 2360 debita

197 2396 277 2433 sint
313 2394 498 2434 firmitate
533 2395 723 2434 subnixa.
772 2399 812 2433 et
854 2399 897 2433 ut
930 2394 1073 2433 eadem
1109 2406 1189 2445 que
1222 2393 1424 2433 haetenus
1464 2394 1502 2431 in
1544 2397 1657 2431 terra
1691 2395 1832 2431 nostra
1864 2389 2058 2441 posside-

197 2464 295 2501 bant
337 2463 480 2502 amodo
522 2464 613 2501 sine
660 2464 986 2502 contradit-tione
1029 2463 1222 2501 habeant.
1275 2467 1315 2501 et
1358 2461 1610 2513 possideant.
1659 2461 1806 2499 litteris
1844 2458 1974 2497 notari
2019 2460 2059 2496 et

199 2531 327 2584 sigilli
363 2533 489 2570 nostri
533 2533 803 2582 impressione
838 2532 1096 2583 precepimus
1132 2532 1338 2585 insigniri.
1404 2531 1560 2570 'l‘estes
1595 2530 1660 2581 qui
1701 2531 1920 2580 presentes
1953 2524 2058 2564 ade-
