2258 2844
1037 192 1095 230 10

134 334 318 373 sualibus
361 331 572 370 uideretur
614 329 965 380 interpretationis
1017 333 1055 366 et
1100 327 1389 366 declarationis
1431 327 1611 366 remedio
1655 327 1868 381 indigere.
1916 341 1991 368 nos

136 401 227 441 l'reti
263 401 508 439 auctoritate
542 397 759 436 Marciane
794 397 918 449 legis.
953 408 1033 447 que
1069 395 1247 448 digestis
1283 395 1333 433 de
1368 395 1530 449 regulis
1563 396 1664 433 iuris
1698 397 1772 433 ait:
1806 396 1922 444 Quod
1952 398 1990 436 in

135 469 340 522 ambiguis
375 467 662 506 occasionibus
697 466 785 504 eius
819 465 1024 504 sententia
1059 464 1231 502 maxime
1264 463 1491 514 spectanda
1525 464 1590 515 sit7
1624 464 1690 514 qui
1726 475 1813 502 eam
1847 470 1990 515 protu-

135 539 273 576 lisset.
321 536 537 587 presertim
571 546 659 572 cum
693 534 813 572 etiam
848 534 1046 584 permisso
1089 533 1280 571 canonis:
1328 533 1418 570 eiu-s·
1449 533 1502 569 sit
1535 533 1827 582 interpretari.
1871 534 1992 572 cuin-s·

134 609 195 644 est
228 603 457 642 concedere
491 625 544 629 —
580 602 630 640 ad
664 601 1015 652 interpretandum
1050 606 1091 640 et
1125 600 1415 639 declarandum
1451 600 1501 638 de
1535 600 1801 639 censualibus
1835 602 1991 639 articu-

134 673 227 715 lum,
262 670 559 710 accedentibus
585 671 693 709 votis
727 674 766 709 et
800 681 1009 708 consensu
1033 670 1216 719 partium.
1281 669 1368 707 Nos
1403 670 1439 706 in
1475 669 1635 707 nomine
1670 668 1814 707 domini
1849 670 1991 707 accin-

134 742 267 780 ximus
312 740 427 777 itu-ta
469 739 732 777 consciencie
774 745 915 776 nostre
957 738 1186 776 veritatem.
1250 737 1389 790 Igitur
1429 750 1509 776 non
1557 736 1687 776 fauori
1736 738 1906 788 partium
1949 747 1989 777 et

135 818 427 860 personarum.
469 806 544 845 sed
579 806 748 858 equitati
784 817 999 844 causarum
1033 806 1296 845 intendentes
1331 807 1594 845 intentionem
1629 813 1831 845 nostram.
1871 818 1989 858 quam

134 877 173 915 in
208 877 296 926 ipso
330 880 425 913 actu
458 873 684 913 arbitrandi
719 874 796 912 deo
830 878 938 913 teste
971 886 1047 913 nos
1081 874 1278 913 babuisse
1308 876 1662 928 recognoscimus.
1697 875 1735 912 in
1772 875 1847 913 biis
1881 876 1989 913 scri—

134 945 214 995 ptis
248 943 524 994 publicamus.
560 942 666 993 quod
702 943 740 980 111
776 943 947 982 articulo
983 942 1034 981 de
1068 943 1354 993 censualibus.
1399 944 1466 994 qui
1500 943 1593 981 talis
1629 949 1704 981 est.
1741 967 1794 970 —
1838 943 1990 982 Omnes

135 1011 357 1051 censuales
393 1010 532 1050 domos
673 1016 933 1050 sacramenta
976 1011 1025 1049 ad
1062 1011 1232 1050 eandem
1276 1012 1407 1050 sancti
1443 1011 1555 1050 Petri
1700 1011 1989 1063 (101*011111111111·Ἴ

133 1080 232 1119 nihil
266 1079 374 1118 aliud
410 1078 669 1131 intendimus.
706 1091 824 1131 quam
858 1084 901 1118 ut
934 1080 967 1117 si
1002 1079 1189 1130 predicte
1222 1080 1443 1119 censuales
1473 1081 1614 1119 domus
1649 1080 1824 1129 plebano
1859 1082 1988 1119 sancti

132 1149 249 1188 Petri
283 1152 323 1186 et
358 1159 435 1186 non
471 1148 641 1187 alteritls
685 1159 863 1198 persone
905 1159 978 1187 seu
1019 1148 1109 1186 aliis
1152 1149 1343 1198 personis
1383 1160 1549 1187 censum
1585 1148 1814 1186 immediate
1847 1148 1992 1187 solve-

133 1218 236 1256 rint.
272 1222 368 1255 tunc
402 1217 491 1267 ipse
527 1217 668 1255 domus
703 1217 924 1256 censuales
958 1228 1046 1255 cum
1081 1217 1167 1255 suis
1200 1216 1500 1256 habitatoribus
1535 1217 1610 1255 sub
1645 1218 1747 1255 omni
1784 1218 1991 1256 ecclesia-

135 1286 238 1325 stico
272 1286 360 1324 iure
394 1284 443 1323 ad
480 1285 698 1324 ecclesiam
733 1285 864 1323 sancti
893 1285 1007 1324 Petri
1038 1285 1239 1324 deberent
1268 1286 1409 1324 merito
1440 1286 1660 1336 pertinere.
1725 1285 1844 1323 Nunc
1874 1297 1988 1324 vero.

135 1366 225 1394 cum
260 1353 498 1404 supradicte
533 1353 753 1392 censuales
789 1353 951 1392 domus.
987 1354 1081 1392 licet
1114 1355 1154 1391 in
1188 1352 1314 1392 fundo
1349 1355 1479 1392 sancti
1518 1355 1630 1393 Petri
1664 1355 1743 1392 site
1777 1355 1875 1393 sint.
1910 1367 1989 1393 non

133 1422 480 1473 tamen'plebano
513 1422 644 1460 sancti
678 1421 815 1473 Petri.
850 1421 925 1460 sed
959 1422 1050 1460 aliis
1085 1422 1325 1473 quibusdam
1361 1434 1527 1461 censum
1562 1423 1761 1461 tribuunt.
1796 1424 1991 1461 intentio-

133 1492 198 1529 nis
232 1495 373 1529 nostre
408 1502 488 1528 non
523 1491 700 1529 exstitit.
744 1494 786 1528 ut
820 1491 978 1529 ratione
1012 1489 1123 1528 fundi
1165 1490 1215 1528 ad
1251 1496 1435 1529 sanctum
1473 1491 1636 1529 Petrum
1671 1492 1915 1542 pertinentis
1950 1498 1988 1530 et

135 1559 227 1598 aliis
259 1558 488 1597 bominibus
523 1569 689 1598 censum
723 1558 943 1597 solventis.
979 1560 1068 1609 ipse
1103 1559 1243 1597 domus
1277 1560 1353 1597 sub
1389 1560 1674 1598 ecclesiastico
1704 1561 1798 1609 jure
1832 1560 1880 1598 ad
1918 1572 1991 1599 ec-

136 1627 303 1666 clesiam
337 1627 469 1665 sancti
503 1627 617 1665 Petri
652 1627 860 1677 pertinere
895 1627 1113 1678 deberent.
1149 1629 1321 1667 maxime
1355 1640 1442 1666 cum
1479 1629 1545 1667 lex
1580 1628 1787 1666 inutilibus
1817 1629 1992 1679 stipula-

135 1695 312 1735 tionibus
346 1695 474 1733 dicat:
507 1694 552 1734 Si
589 1695 640 1733 de
673 1707 718 1734 re
752 1696 830 1733 alia
865 1696 1043 1734 senserit
1079 1696 1312 1747 stipulator.
1349 1701 1387 1734 et
1423 1696 1474 1735 de
1508 1697 1587 1735 alia
1623 1698 1857 1747 promissor.
1894 1709 1991 1747 per-

134 1763 230 1801 inde
263 1763 374 1802 nulla
407 1763 661 1802 contrahitur
695 1764 917 1816 obligat-io.
995 1764 1051 1802 At
1086 1765 1255 1804 intentio
1291 1772 1428 1803 nostra
1464 1776 1511 1804 se
1545 1765 1595 1803 ad
1631 1766 1753 1804 aliud.
1798 1778 1915 1817 quam
1941 1766 1991 1804 ad

137 1830 249 1869 illud.
283 1831 332 1869 ad
369 1831 474 1883 quod
512 1838 645 1869 votum
682 1832 845 1882 plebani
880 1837 918 1870 et
954 1833 1081 1882 partis
1116 1833 1296 1871 ecclesie
1330 1834 1460 1871 sancti
1497 1834 1608 1872 Petri
1643 1839 1734 1884 post
1769 1834 1890 1872 latum
1920 1846 1991 1872 ar-

138 1899 298 1937 bitrium
332 1906 511 1937 nostrum
547 1899 790 1937 collimabat.
825 1901 1008 1938 noscitur
1041 1900 1296 1939 extendisse.
1330 1902 1470 1952 itaque
1497 1902 1806 1952 interpretando
1841 1907 1880 1940 et
1915 1902 1991 1941 de-

138 1965 334 2005 clarando
370 1967 406 2003 in
443 1967 519 2005 biis
553 1968 718 2018 scriptis
753 1968 1027 2019 publicamus.
1063 1968 1168 2019 quod
1204 1969 1412 2008 antedicte
1446 1971 1667 2009 censuales
1703 1971 1861 2009 doinus.
1897 1972 1991 2010 licet

137 2041 181 2073 ut
217 2034 439 2085 predictum
476 2041 538 2073 est
573 2036 611 2074 in
646 2036 898 2086 proprietate
932 2037 1063 2074 sancti
1101 2037 1209 2074 Petri
1245 2038 1324 2076 site
1357 2039 1449 2091 sint.
1483 2051 1562 2077 non
1596 2045 1727 2077 tamen
1764 2039 1991 2077 immediate

140 2103 315 2154 plebano
349 2104 480 2141 sancti
518 2103 628 2141 l'etri
672 2104 744 2143 sed
790 2105 880 2142 aliis
927 2105 1113 2154 personis
1156 2105 1232 2143 sub
1272 2106 1550 2156 empltyteosis
1592 2118 1665 2145 sen
1710 2107 1992 2146 conductionis

139 2182 212 2210 seu
247 2171 531 2222 cuiuscunque
564 2172 734 2211 alterius
768 2173 866 2210 iuris
902 2173 968 2211 vel
999 2174 1278 2223 possessionis
1303 2175 1418 2212 titulo
1452 2186 1617 2213 censum
1652 2175 1846 2213 tribuunt.
1882 2176 1994 2214 iuxta

140 2239 401 2278 intentionem
431 2246 623 2279 nostram.
660 2253 777 2291 quam
807 2242 845 2279 in
875 2240 1046 2279 l'erendo
1075 2241 1243 2280 arbitrio
1265 2254 1338 2280 nos
1365 2243 1575 2285 habuisse.
1609 2248 1716 2282 teste
1737 2244 1992 2282 conscientia

142 2308 496 2359 recognoscimus.
532 2309 608 2346 sub
643 2310 745 2347 omni
781 2309 1067 2348 ecclesiastico
1103 2310 1190 2348 iure
1224 2309 1272 2348 ad
1310 2311 1527 2349 ecclesiam
1562 2324 1595 2349 s.
1630 2312 1777 2350 ‚lat-obi
1813 2312 1992 2351 debeant

142 2375 363 2425 pertinere.
437 2376 483 2414 ln
526 2377 642 2415 cuius
685 2378 741 2415 rei
786 2378 1054 2416 testiinonium
1101 2382 1319 2428 presentes
1363 2379 1520 2418 litteras
1563 2381 1768 2418 conscribi
1808 2379 1991 2433 fecimus7

141 2442 284 2496 sigillo
318 2447 458 2483 nostro
484 2456 644 2484 necnon
672 2445 826 2499 sigillis
855 2446 1150 2485 venerabilium
1179 2445 1323 2485 domini
1353 2446 1557 2485 Joltannis
1582 2452 1678 2486 tunc
1699 2448 1750 2487 de
1777 2447 1859 2487 Sar
1887 2460 1994 2487 nunc

141 2522 243 2550 vero
277 2510 328 2549 de
356 2511 513 2550 Pomuk
537 2513 711 2566 abbatis.
747 2525 905 2554 necnon
933 2514 1077 2553 domini
1105 2514 1314 2552 XValtlteri
1351 2516 1562 2554 coabbatis
1598 2517 1723 2556 nostri
1760 2516 1811 2555 de
1834 2517 1993 2555 Zmiln-

142 2578 260 2617 haim.
297 2591 465 2630 quorum
499 2582 709 2630 presentia
744 2587 783 2620 et
817 2583 989 2621 consilio
1023 2583 1060 2620 in
1097 2581 1270 2622 ferendo
1305 2584 1511 2623 arbitrium
1547 2585 1786 2624 nitebamur.
1822 2583 1996 2623 fideliter
