2217 2829
993 140 1088 179 221

119 278 176 317 de
212 278 445 316 But-husen.
511 275 661 317 Comes
697 277 747 316 de
779 276 919 316 Scala.
985 273 1137 316 Comes
1171 277 1222 316 de
1245 277 1394 317 Puten.
1459 276 1610 318 Comes
1644 280 1980 323 Ratisbonensis.

118 347 266 385 Frater
300 352 339 384 et
374 344 477 384 lilius
512 346 615 384 eius.
658 344 811 385 Comes
846 342 1066 384 Conradus
1109 344 1160 383 de
1193 345 1381 384 Pilistein
1426 352 1467 385 et
1509 345 1614 385 filius
1648 349 1751 387 61118.
1816 351 1977 391 Erue-sc

113 414 228 465 filius
261 413 450 454 Conrmli
481 414 768 452 ,llorauz'ensis
924 413 1122 451 Volricus
1156 412 1208 451 de
1241 414 1434 468 Horneg.
1486 415 1680 454 Alramus
1714 417 1766 455 (16
1803 417 1975 459 cambe.

115 482 316 520 Albertus
351 481 402 521 de
436 482 586 535 berge.
651 481 894 520 Vualconus
929 481 980 520 de
1011 480 1269 523 Maclilandn
1304 482 1550 522 Vuerardus
1585 483 1636 523 de
1660 484 1897 526 Videlbacli
1931 493 1973 526 et

115 548 181 587 filii
216 551 318 589 eius.
385 548 557 588 Choone
591 549 642 588 de
674 550 935 603 megelinge.
1002 547 1223 589 Conradus
1265 550 1316 589 de
1359 563 1447 589 rax.
1513 552 1757 606 Pilgerinus
1799 554 1851 594 de
1894 567 1968 594 su-

116 618 225 658 netel
269 617 524 667 (Suuetel‘ffl
571 623 612 656 et
653 618 810 657 Albero
853 616 984 657 frater
1025 619 1128 657 eius.
1200 619 1360 658 Albero
1404 619 1455 658 de
1498 618 1696 675 Cvnring
1737 627 1778 661 et
1817 622 1971 664 fratres

115 687 217 726 61118.
283 686 490 725 Henricus
533 686 584 725 de
616 686 881 725 Mistelbacb.
961 686 1170 725 Henricus
1215 686 1267 726 de
1310 686 1605 727 Ramselsbach
1648 694 1687 729 et
1735 691 1805 729 alii
1848 704 1968 742 quam

114 754 254 804 plures
290 777 343 781 —
377 754 475 807 Ego
499 754 730 792 Rainaldus
755 755 1031 793 cancellarius
1065 755 1158 794 vice
1181 755 1356 795 Arnoldi
1380 755 1620 810 Magantini
1651 759 1966 811 Arcliiepiscopi

113 826 152 860 et
186 821 578 861 archicancellarius
622 824 865 875 recognoui.
930 822 1108 876 Signum
1149 823 1294 862 domini
1334 825 1535 864 Friderici
1571 827 1743 865 Romani
1777 828 1966 879 Impera-

112 890 212 927 toris
245 890 513 928 inuictissimi.
579 890 727 928 Datum
763 891 992 931 Ratisbone
1024 893 1065 930 in
1098 893 1292 945 generali
1326 895 1440 932 curia
1473 894 1573 932 XV.
1598 895 1817 934 Kalendas
1837 896 1966 936 Octo-

112 945 197 995 bris
232 957 452 997 indictione
485 958 581 995 1111.
616 958 738 997 Anno
773 959 973 999 dominice
1006 961 1300 999 incarnationis
1320 959 1525 1001 MCLVI.
1554 963 1780 1017 Regnante
1807 965 1965 1004 domino

111 1025 326 1065 Friderico
352 1027 536 1064 Romano
572 1026 823 1076 Imperatore
856 1027 1055 1081 Augusto
1088 1027 1265 1068 feliciter
1297 1041 1426 1069 amen.
1462 1031 1585 1070 Anno
1619 1032 1761 1086 Regni
1797 1034 1887 1072 eius
1911 1034 1964 1072 V.

111 1101 150 1131 et
184 1093 345 1144 Imperii
380 1094 432 1131 Π.

423 1192 449 1223 Ε
475 1195 569 1233 copia
595 1194 750 1225 vidimata
776 1196 879 1225 seculi
905 1195 979 1226 XV.
1015 1199 1165 1227 exeuntis
1191 1199 1403 1229 conmlendat¹
1428 1199 1598 1240 Meillwrg
1633 1202 1660 1231 111
1688 1201 1822 1232 archivo
1848 1202 1966 1241 Magni

524 1245 695 1276 Prioratus
721 1246 945 1277 Meliten-iun]
972 1246 1116 1289 Pragae.

1009 1397 1059 1434 V.

118 1504 403 1548 ”Valli-elatas.
450 1518 531 1543 rest
576 1506 801 1553 Boemme,
853 1506 909 1545 acl
955 1512 1229 1557 (ammentum
1273 1510 1613 1560 praebendarum
1662 1515 1963 1554 canonicorum

107 1573 307 1611 eeclesiae
340 1573 633 1612 olomuc-ensis
676 1578 860 1625 quatum·
895 1576 1015 1614 villas
1056 1577 1106 1615 ab
1148 1579 1250 1629 ipsis
1290 1592 1367 1629 pro
1410 1579 1531 1617 libila
1569 1581 1784 1630 eliqemlas
1818 1583 1961 1621 (quat.

922 1660 956 1682 ‹·.
996 1645 1115 1683 116.
1134 1676 1142 1684 .

262 1748 578 1801 Vinum-salum·
607 1764 788 1816 singulis
823 1768 863 1803 et
887 1766 1161 1819 singulariter
1186 1768 1395 1806 vniuersis
1422 1766 1646 1808 Canonicis
1674 1769 1960 1811 olomucensis

108 1829 299 1868 Ecclesie
333 1830 427 1869 Rex
462 1830 656 1870 Bobemie
688 1833 866 1885 gratiam
900 1845 1015 1872 suam
1056 1839 1097 1873 et
1130 1847 1246 1875 0111116
1280 1836 1440 1875 1101111111.
1506 1837 1634 1885 Quum
1674 1840 1957 1889 spiritualibus

106 1898 232 1937 rebus
266 1899 580 1949 multiplicandis
613 1900 749 1939 cordis
784 1902 912 1940 nostri
954 1902 1175 1941 archanum
1210 1905 1351 1954 sepius
1385 1917 1483 1945 sese
1525 1906 1577 1944 ad
1610 1907 1882 1947 meditandum
1919 1914 1959 1948 et

105 1968 143 2005 in
178 1968 266 2017 ipso
300 1968 518 2019 tranquillo
553 1968 826 2008 meditationis
861 1972 1050 2009 examine
1082 1972 1189 2011 inter
1217 1977 1357 2012 cetera
1390 1975 1468 2013 sibi
1502 1975 1636 2013 tucius
1673 2005 1814 2016 ......
1850 1978 1956 2029 apud

104 2036 297 2075 mortales
338 2042 559 2087 presentes
605 2044 643 2076 et
683 2049 819 2077 eorum
863 2045 1052 2089 posteros
1094 2042 1321 2079 memoriam
1365 2048 1633 2093 compararet.
1691 2044 1766 2083 boc
1808 2045 1956 2099 elegit,

105 2103 297 2143 videlicet
332 2105 437 2156 quod
475 2106 568 2144 llll.
614 2107 734 2145 villas
768 2106 872 2147 adeo
907 2109 1078 2159 optimas
1112 2121 1192 2160 que
1229 2115 1370 2149 nostro
1405 2109 1579 2150 Culmini
1614 2112 1754 2166 Regio
1790 2115 1955 2153 seruie-

105 2172 199 2210 bant
235 2173 286 2212 de
320 2178 458 2212 nostra
504 2175 609 2213 bona
654 2176 866 2215 voluntate
907 2188 981 2227 per
1015 2178 1181 2216 Petrum
1225 2184 1533 2229 procuratorem
1576 2188 1756 2219 nostrum
1794 2183 1834 2220 in
1876 2194 1955 2222 116-

102 2250 227 2279 strum
271 2242 494 2281 subsidium
538 2248 575 2281 et
624 2245 663 2281 in
712 2250 941 2283 nostrarum
987 2253 1252 2299 augmentum
1307 2248 1605 2298 prebendarum
1659 2250 1841 2299 proxima
1888 2251 1955 2290 die

103 2307 256 2348 forensi
301 2311 364 2348 1161
409 2309 570 2349 faciatis
609 2313 863 2362 proclamari.
912 2318 1111 2365 perpetuo
1153 2316 1410 2355 seruiendas.
1478 2315 1579 2354 (¹um
1622 2317 1753 2370 igitur
1791 2317 1867 2356 hoc
1901 2318 1953 2356 ad

102 2389 240 2416 eorum
283 2379 431 2429 quibus
475 2378 673 2418 beneficia
715 2386 953 2432 prestantur
994 2384 1218 2434 specialius
1265 2397 1401 2423 curam
1446 2385 1651 2435 pertinent
1694 2390 1739 2424 vt
1779 2387 1953 2426 salutem

100 2454 324 2497 operentur
357 2449 591 2499 animaruim
639 2454 681 2486 vt
724 2450 948 2489 secundum
990 2453 1217 2502 apostolum
1260 2465 1334 2492 uos
1375 2453 1493 2491 nobis
1535 2454 1690 2492 semina
1724 2454 1954 2505 spiritualia

102 2527 176 2554 nos
209 2526 308 2555 uero
344 2516 460 2554 nobis
494 2517 677 2555 carnalia
711 2519 975 2571 seminemus7
1024 2520 1348 2560 Vniuersitatein
1392 2527 1573 2560 vestram
1612 2533 1813 2576 rogamus
1847 2535 1953 2575 qua-
