2217 2829
1041 106 1141 146 243

1014 284 1173 324 xxtx.

166 402 365 454 Pv'emysl
399 399 637 450 otakarus,
683 411 764 437 res·
802 398 1005 436 Boemiae
1047 399 1087 435 et
1123 395 1311 434 marchio
1344 396 1588 445 ,norm-iae,
1631 396 1794 434 ‹uh-itali
1826 395 2025 437 Gen-ieko

165 483 289 510 usum
325 470 496 522 jurium
538 466 967 518 ,naydebwyensium
1020 465 1077 504 ad
1121 464 1291 503 modum
1340 465 1524 503 civitati-s·
1574 464 1746 504 (matous
1793 477 1882 503 una
1927 478 2025 504 cum

155 538 459 591 jurisdictione
492 536 691 575 tredecim
728 535 925 574 villarum
951 534 1256 586 adjacentium.
1290 536 1329 571 e!
1363 545 1459 571 cnm
1482 534 1587 584 Jure
1612 533 1787 572 milliari
1818 534 2023 573 concedit.

538 604 703 643 Datum
737 603 952 653 Bai-ylen,
996 602 1117 642 1711.
1152 601 1258 640 Idus·
1290 601 1476 651 ,tuqus-ti
1510 601 1653 640 1258.

320 713 422 765 Nos
455 724 672 763 Prziemisl
707 724 774 774 qui
809 727 850 762 et
884 721 1122 761 Othakarus
1162 721 1226 762 dei
1260 723 1410 776 gracia
1445 721 1630 760 dominus
1662 721 1807 775 Regni
1840 722 2024 776 Boemie,

163 793 262 833 Dux
294 794 466 832 Austrie
499 797 540 831 et
571 792 761 831 Mai-chio
794 791 987 830 Morauie
1019 791 1244 830 Vniuersis
1286 791 1393 829 hanc
1426 791 1585 830 literam
1618 791 1867 841 inspecturis
1901 791 2024 830 inno-

163 862 358 901 tescimus
400 861 631 901 testimonio
678 860 798 898 huius
850 860 990 910 scripti
1039 859 1145 910 quod
1189 859 1276 898 Nos
1319 859 1451 898 oculis
1496 858 1780 898 misericordie
1822 860 2022 910 inspectis

164 928 461 969 affliccionibus
504 933 543 968 et
578 929 790 980 pressuris
832 927 1072 967 dilectorum
1115 928 1262 966 ciuium
1296 931 1527 967 nostrorum
1566 927 1617 966 de
1652 926 1905 979 Gewiczka„
1953 929 2021 980 qui

164 1009 217 1037 ex
260 997 488 1037 donacione
532 997 715 1036 eiusdem
762 997 941 1035 ciuitatis
984 1008 1058 1046 per
1099 1001 1264 1035 nostros
1299 995 1626 1047 predecessores
1667 1000 1709 1034 et
1750 1008 1826 1034 nos
1864 998 2019 1035 nostris

163 1066 368 1105 nobilibus
402 1067 519 1104 nimis
553 1065 743 1104 indebitis
778 1065 1073 1104 exact-ionibus
1116 1076 1191 1115 per
1224 1064 1390 1104 eosdem
1433 1070 1574 1115 preter
1607 1065 1806 1103 iusticiam
1839 1065 1920 1103 sint
1953 1063 2021 1103 af-

163 1132 280 1176 flictiq
326 1135 413 1174 Nos
447 1134 618 1174 eandem
661 1135 866 1173 ciuitatem
900 1133 1117 1172 tenendam
1153 1133 1296 1172 amodo
1339 1145 1410 1184 pro
1445 1134 1717 1184 reparacione
1759 1133 1853 1172 boni
1887 1138 2020 1172 status

164 1208 204 1242 et
237 1202 404 1242 comodo
438 1203 620 1242 eiusdem
654 1207 795 1242 nostre
829 1203 1071 1241 attraximus
1104 1203 1298 1252 potestati
1328 1200 1615 1241 defendendos
1650 1202 1871 1240 vniuersos
1904 1203 2020 1241 eius-

163 1270 252 1310 dem
286 1272 463 1310 ciuitatis
496 1271 654 1310 incolas
688 1277 733 1309 vt
768 1275 859 1322 post
891 1271 1014 1309 multa
1048 1282 1334 1321 pressurarum
1359 1270 1605 1323 grauamina
1639 1271 1791 1309 nostris
1824 1271 2021 1321 tempori-

160 1339 239 1378 bus
273 1339 587 1378 habundancius
620 1340 900 1391 consolentur7
936 1339 1211 1378 Promittimus
1244 1343 1378 1377 tamen
1414 1343 1458 1376 vt
1490 1339 1524 1376 si
1550 1338 1696 1377 dictam
1730 1339 1935 1378 ciuitatem
1966 1350 2020 1377 ex

161 1419 261 1446 casu
295 1420 371 1447 nos
404 1408 526 1446 alicui
558 1408 694 1447 Nobili
730 1412 871 1447 nostro
905 1407 1123 1446 tenendam
1150 1405 1344 1446 conferre
1368 1407 1632 1460 contingeret
1669 1406 1777 1458 quod
1810 1406 1915 1446 idem
1941 1419 2018 1446 no-

159 1475 254 1514 bilis
288 1488 367 1514 non
403 1477 480 1514 nisi
514 1482 628 1515 certo
663 1482 703 1515 et
737 1476 873 1515 debito
907 1487 1037 1515 censu
1072 1480 1291 1515 contentus
1326 1487 1423 1514 esse
1453 1475 1615 1514 debeat.
1651 1486 1770 1527 quem
1803 1475 2021 1527 hucusque

159 1555 214 1584 ex
247 1545 416 1596 antiquo
449 1545 595 1583 ciuitas
629 1545 796 1584 soluere
830 1545 997 1583 usitauit
1034 1545 1236 1584 'solentes
1279 1544 1517 1594 simpliciter
1552 1549 1595 1582 vt
1628 1544 1814 1583 omnibus
1847 1544 2019 1597 iuribus7

159 1613 426 1652 censualibus
461 1617 501 1652 et
534 1613 626 1663 alijs
661 1613 817 1652 iuribus
851 1613 1001 1664 quibus
1026 1613 1296 1652 Nouaciuitas
1321 1613 1523 1651 Vniczow
1556 1613 1636 1651 alio
1670 1613 1832 1651 nomine
1857 1625 2020 1651 nuncu-

158 1685 255 1732 pata
288 1687 329 1720 et
360 1681 566 1720 Judicium
601 1681 785 1721 eiusdem
818 1682 998 1720 ciuitatis
1031 1681 1193 1735 gaudet
1227 1685 1267 1720 et
1301 1680 1449 1719 fruitur
1473 1681 1724 1731 temporibus
1758 1693 1812 1721 ex
1838 1683 2019 1734 antiquo7

160 1748 325 1801 damus7
368 1750 630 1789 concedimus
664 1751 921 1789 attribuimus
956 1751 1184 1789 liberaliter
1226 1754 1265 1789 et
1301 1750 1488 1803 benigne
1529 1749 1581 1788 ad
1621 1748 1898 1789 vtifrueudum
1932 1751 2020 1790 eis-

160 1817 249 1857 dem
284 1819 496 1869 perpetuis
529 1819 780 1869 temporibus
823 1831 899 1870 per
942 1831 1015 1858 eos
1049 1824 1089 1858 et
1123 1831 1262 1858 eorum
1297 1819 1504 1870 quoslibet
1545 1830 1818 1858 successores
1854 1819 1905 1857 Et
1939 1830 2017 1857 no-

158 1887 334 1925 minatim
369 1899 458 1925 cum
491 1886 687 1926 tredecim
730 1887 840 1926 uillis
873 1888 1024 1926 circum
1062 1888 1267 1926 ciuitatem
1302 1886 1535 1926 Gewiczka
1576 1887 1864 1927 adiacentibus
1898 1887 2018 1925 uide-

159 1955 254 1994 licet
294 1955 491 1995 Kornicz.
536 1954 773 1995 Albendors
812 1954 1096 1995 Aruolczdort'
1136 1953 1314 1993 Dorlliiis
1359 1954 1667 1995 Ernestendorl'
1707 1956 1867 1994 Brasen
1901 1955 2016 1993 Har-

158 2022 388 2077 tungsdort'
425 2023 731 2063 Mertinczdorl'
773 2025 939 2063 Vnracz
983 2024 1270 2064 Niderunracz
1311 2023 1554 2063 Mitterdorl'
1596 2023 1774 2063 Vrsedel
1819 2029 1859 2063 et
1900 2024 2019 2063 Neu-

158 2092 333 2131 branow
375 2097 416 2132 et
457 2093 562 2131 silua
604 2092 711 2131 dicta
746 2093 1045 2132 Branerualde.
1111 2093 1288 2131 Inclusis
1330 2093 1567 2143 specialiter
1610 2093 1748 2131 causis
1794 2094 2017 2142 majoribus

160 2161 250 2199 siue
292 2161 570 2200 criminalibus
612 2162 652 2199 in
685 2161 863 2212 ‚ludit-ijs
899 2161 1096 2200 dictarum
1138 2161 1324 2200 uillarum
1368 2162 1660 2200 occurentibus
1703 2174 1806 2212 quas
1850 2163 1887 2199 iu
1928 2163 2017 2212 ipsa

160 2229 326 2267 ciuitate
360 2228 589 2269 Gewiczka
634 2237 673 2269 et
708 2242 786 2268 non
822 2230 986 2269 aliunde
1020 2230 1209 2268 volumus
1248 2229 1423 2279 judicari
1460 2235 1499 2268 et
1534 2230 1781 2280 quibuslibet
1818 2230 1910 2281 alijs
1944 2231 2016 2280 ju-

160 2297 274 2336 ribus
308 2309 397 2336 cum
430 2299 578 2349 quibus
617 2299 764 2337 ciuitas
799 2298 1030 2338 Gewiczka
1072 2311 1153 2336 una
1196 2310 1285 2336 cum
1324 2297 1470 2336 iudicio
1516 2297 1589 2336 suit
1631 2299 1813 2348 primitus
1855 2299 2017 2337 elocata

160 2371 200 2404 et
233 2366 309 2416 ipsi
343 2367 458 2405 clues
491 2379 578 2405 cum
615 2366 748 2406 iudice
782 2367 975 2420 gaudere
1021 2367 1173 2406 debent
1216 2378 1289 2417 per
1331 2367 1460 2404 onmia
1503 2366 1553 2405 de
1589 2366 1839 2417 plenitudine
1872 2373 2015 2406 nostre

160 2435 309 2488 gracie
343 2440 382 2473 et
417 2433 572 2473 fauoris
606 2434 697 2483 Que
727 2436 821 2485 jura
856 2447 933 2474 uec
967 2447 1041 2486 per
1076 2448 1149 2473 nos
1184 2446 1259 2473 uec
1286 2447 1359 2485 per
1385 2441 1548 2472 nostros
1574 2435 1834 2486 aliquatenus
1869 2433 2017 2473 iufrin-

159 2515 310 2557 gemus
347 2504 435 2541 Hoc
469 2504 630 2542 adiecto
666 2504 771 2555 quod
808 2505 844 2542 iu
882 2505 969 2543 loco
1005 2503 1144 2543 eodem
1182 2504 1291 2541 iuxta
1330 2503 1558 2541 diuturnam
1594 2503 1929 2541 consuetudinem
1965 2505 2016 2542 sit

1492 2576 1546 2614 :31
