2217 2829
1035 169 1100 209 83

133 310 175 348 in
208 309 317 348 nullo
351 315 600 360 suspectum.
667 306 797 348 Cuius
830 312 1014 347 tenorem
1049 308 1333 359 presentibus7
1375 306 1428 346 de
1461 306 1590 346 uerbo
1623 306 1676 345 ad
1709 307 1880 346 uerbum
1914 306 1992 346 du-

132 378 267 416 ximus
300 377 576 416 inserendtuu.
624 381 666 416 et
699 381 764 416 est
804 377 913 415 talis.
976 375 1024 414 In
1066 376 1226 414 nomine
1268 379 1414 414 sancte
1456 379 1497 413 et
1538 373 1749 413 indiuidne
1783 376 1990 414 trinitatis.

134 446 346 486 Robertus
380 445 446 485 dei
478 446 619 499 gratia
653 444 938 484 Olomucensis
980 444 1175 483 Ecclesie
1210 444 1442 494 Episcopus
1475 447 1553 482 etc.
1608 443 1732 482 Anno
1766 443 1991 482 millesimo.

136 513 430 553 ducentesimo.
490 513 628 552 XXX.
689 513 808 552 Vlll.
859 512 1096 552 Indiccione
1151 511 1283 551 Nona.
1370 510 1639 551 Pontilicatus
1700 513 1831 551 nostri
1885 524 1993 551 anno

134 582 380 621 XXXVIII.
444 581 593 620 Datum
634 583 676 620 in
710 579 909 630 Cremsyr
949 592 1025 632 per
1057 592 1200 619 manus
1234 580 1349 619 Esau
1384 578 1599 619 Canonici.
1644 579 1740 618 1111.
1774 580 1993 620 Kalendas

134 650 336 704 Augusti.
401 650 536 700 (Vide
570 649 685 688 Toni.
719 649 773 688 ΙΙ.
815 661 854 687 n.
890 647 1130 699 CCXCV.]
1194 648 1281 688 Nos
1323 649 1463 700 itaque
1506 647 1822 699 predecessoris
1864 649 1995 688 nostri

137 720 337 772 vestigiis
370 718 624 758 inherentes.
659 722 700 757 et
734 716 963 768 Cupientes
997 717 1116 755 dictis
1150 716 1390 756 dominabus
1424 717 1601 768 quietem
1636 720 1677 755 et
1710 716 1919 756 comodum
1953 718 1994 755 in

138 791 331 838 quantum
365 799 581 838 possumus
614 784 900 825 fauorabiliter
934 797 1170 836 procurare.
1215 790 1258 823 vt
1291 796 1340 824 eo
1374 786 1564 825 securius
1607 790 1648 825 et
1682 784 1881 824 (leuocius
1916 785 1993 824 deo

136 855 307 894 valeant
339 854 540 894 famulari.
583 854 634 894 ad
669 855 993 906 supplicationes
1027 865 1168 892 earum
1203 853 1429 904 predictum
1476 854 1711 907 riuilegium
1748 854 1983 904 exemplari

136 924 323 963 innouari
358 923 543 963 fecimus.
607 924 757 962 Ratum
789 923 994 963 habentes
1028 928 1069 961 et
1101 925 1283 976 gratum„
1327 922 1522 974 quidquid
1557 923 1670 961 iuxta
1703 923 1995 962 continentiam

137 992 267 1043 ipsius
301 993 512 1046 priuilegii
545 1004 620 1043 per
653 991 995 1042 predecessorem
1030 996 1212 1030 nostrum
1251 990 1358 1030 dicto
1391 992 1639 1030 monasterio
1673 991 1996 1030 Dubrawicensi

137 1059 334 1099 indultum
369 1061 526 1100 exstitit
558 1060 625 1099 uel
659 1071 924 1111 concessum7
966 1058 1117 1098 factum
1159 1059 1288 1110 ipsius
1331 1058 1645 1109 predecessoris
1684 1060 1814 1098 nostri
1851 1064 1997 1098 tenore

138 1130 398 1179 presencium
433 1127 732 1167 confirmantes.
797 1128 843 1166 In
878 1129 996 1179 cujus
1021 1126 1338 1167 confirmationis
1367 1131 1407 1165 et
1435 1125 1735 1167 Ratificationis
1765 1132 1996 1167 nostrorum

139 1198 433 1249 testimonium7
483 1202 703 1248 presentes
750 1196 902 1236 exinde
949 1195 1035 1236 lieri
1083 1200 1123 1235 et
1165 1196 1306 1249 sigillo
1349 1200 1489 1235 nostro
1536 1194 1706 1235 fecimus
1749 1197 1996 1235 communiri.

140 1265 290 1304 Datum
325 1267 362 1304 in
397 1265 559 1304 Modriz
600 1278 707 1304 anno
741 1266 902 1304 Domini
944 1264 1002 1303 M.
1039 1263 1127 1303 CC.
1162 1264 1447 1318 Nonagesimo
1483 1263 1655 1304 Octauo.
1726 1265 1795 1304 X.
1829 1265 1994 1304 Kalen-

141 1332 216 1372 das
251 1332 461 1373 februarii.

451 1433 502 1463 Ex
523 1433 673 1472 originali
695 1434 723 1463 in
748 1432 884 1463 archivo
906 1433 1094 1463 monasterii
1116 1431 1370 1473 Rayliradcnsis
1395 1441 1466 1463 cum
1492 1432 1601 1473 sigillo
1627 1433 1709 1463 bcnc
1735 1436 1944 1464 conservato.

950 1579 1192 1618 LXXXIII.

148 1691 317 1731 [ἶνές-ηε
350 1691 400 1730 dc
425 1692 702 1730 Not-ocaslro.
731 1691 991 1740 θυόεν-ΜΗΘ]-
1018 1692 1263 1742 prm-inciae
1290 1691 1520 1740 Lucem-ie,
1554 1691 1774 1743 confirmat
1807 1691 1998 1731 abbatiae

154 1759 457 1809 11]1)·:-0wicensi
489 1759 758 1797 domnionem
791 1759 954 1798 mediae
977 1759 1103 1798 villae
1136 1758 1303 1810 Slopmc
1332 1760 1496 1811 factam
1526 1772 1550 1797 a
1577 1760 1707 1798 Petro
1741 1760 1792 1799 de
1818 1759 1997 1812 Slopna.

602 1828 763 1865 Dalana
798 1828 902 1866 XII.
938 1827 1161 1866 Kalendas
1194 1828 1366 1878 Aprilis.
1403 1828 1545 1867 1298.

321 1933 369 1982 In
405 1944 574 1983 Nomine
607 1945 764 1983 Domini
801 1947 945 1985 Amen.
1012 1947 1199 1986 Humane
1233 1959 1321 1986 cum
1359 1949 1411 1986 sit
1443 1947 1596 1999 Stirpis
1631 1945 1829 1987 Condicio
1862 1949 1997 1988 Debi—

147 2013 196 2051 lis
230 2019 269 2051 et
305 2014 475 2053 mossva.
524 2015 803 2052 necessarium
846 2014 967 2053 valde
1010 2014 1098 2053 sore
1137 2015 1383 2067 dinoscitur.
1431 2020 1473 2054 ut
1506 2014 1616 2055 sacta
1650 2016 1873 2068 hominum7
1917 2029 1997 2068 que

148 2080 243 2119 liunt
278 2082 316 2119 in
352 2088 548 2131 temporo.
583 2094 634 2120 ne
668 2082 781 2120 simul
818 2083 991 2120 labanur
1024 2095 1112 2121 cum
1147 2087 1353 2135 tempore7
1392 2089 1432 2124 et
1466 2096 1517 2123 ne
1551 2085 1774 2138 Brigarum
1809 2087 1997 2136 questio-

147 2161 235 2188 nes.
270 2161 349 2200 que
383 2150 601 2188 oblivionis
635 2151 789 2189 inercia
824 2151 1044 2201 disponere
1077 2153 1307 2203 consuevit.
1342 2164 1396 2191 ex
1430 2153 1491 2191 cis
1525 2157 1745 2206 emergant
1777 2154 1817 2191 in
1853 2159 1996 2204 poste—

148 2230 247 2269 rum7
281 2218 487 2256 literarum
525 2219 737 2271 Registris
772 2227 811 2257 et
847 2220 1061 2269 proborum
1138 2221 1286 2259 irorum
1321 2222 1562 2261 testimoniis
1603 2222 1845 2260 muniantur.
1910 2222 1997 2262 Nos

148 2286 277 2338 igitur
315 2286 477 2326 I'lricus
512 2286 562 2325 de
596 2286 712 2325 Nouo
746 2294 883 2326 castro
910 2288 1077 2327 'I'enore
1108 2291 1365 2339 presencium
1398 2289 1447 2328 ad
1479 2290 1773 2330 [nium-sorum
1809 2291 1998 2330 noticiam

147 2355 330 2404 cupimus
365 2356 599 2404 pervenire.
668 2355 782 2402 Quod
847 2362 961 2394 etrus
995 2357 1045 2395 dc
1071 2357 1234 2407 Zlopna
1268 2357 1439 2397 eandem
1469 2358 1619 2396 Villam
1654 2358 1799 2397 dictam
1832 2359 1995 2410 Zlopna

152 2422 351 2460 dimidiam
387 2424 423 2461 in
460 2423 640 2461 bucensi
669 2424 890 2462 Provincia
923 2428 1038 2462 stam.
1073 2437 1191 2475 quam
1223 2425 1329 2465 Jure
1359 2426 1650 2465 Haereditario
1684 2426 1840 2477 aliquot
1873 2429 1994 2467 annis

148 2490 345 2540 possedit.
381 2491 509 2530 libere
542 2497 582 2529 ct
615 2492 803 2530 absolute
837 2493 875 2530 in
911 2492 1129 2531 remedium
1164 2494 1295 2533 anime
1328 2506 1403 2533 sue
1437 2494 1488 2533 de
1514 2495 1620 2533 bona
1644 2495 1857 2535 voluntate
1891 2494 1996 2536 filio-

149 2570 234 2596 rum
268 2571 430 2597 suorum
465 2559 579 2597 Viris
615 2560 844 2611 Religiosis
879 2558 1074 2599 fratribus
1119 2562 1154 2599 in
1194 2562 1437 2611 ὶΥἰΖοινίῑΖ,Ἰ
1484 2560 1780 2603 Cisterciensis
1814 2563 1995 2613 Ordinis.

1478 2636 1494 2673 1
1516 2636 1528 2673 1
1555 2633 1585 2662 '7³
