2217 2829
1010 159 1076 201 85

116 304 372 343 donationem
408 302 505 340 ville
540 299 702 352 prefate
736 300 812 337 sibi
847 296 1038 337 ratilicari
1075 304 1114 335 et
1150 308 1223 347 per
1257 304 1421 336 nostras
1455 296 1661 347 speciales
1697 296 1839 335 literas
1872 309 1975 335 con-

115 371 277 411 firmari.
343 370 429 408 Nos
473 375 606 408 autem
648 367 873 419 predictam
916 366 1196 418 donationem.
1239 366 1333 404 licet
1369 377 1423 405 ex
1454 365 1665 415 premissis
1708 366 1846 404 causis
1881 365 1975 403 dili-

115 439 298 494 gentiori
334 438 594 476 discussione
628 449 677 475 ac
712 436 1013 475 examinatione
1046 433 1287 485 prehabitis.
1323 432 1576 472 inefficacem
1611 440 1650 472 et
1684 434 1862 472 inutilem
1897 445 1975 484 pe-

114 509 224 546 nitus
256 506 492 544 uideremus
526 510 566 543 et
600 510 820 555 propterea
854 503 989 541 villam
1025 503 1152 553 ipsam
1187 502 1376 541 absolute
1414 506 1455 540 et
1488 502 1579 540 sine
1613 506 1802 540 restauro
1835 502 1973 553 aliquo

115 586 329 614 resumere
363 579 403 613 et
437 584 691 624 recuperare
724 583 955 623 possemus.
990 582 1042 609 ne
1075 576 1207 609 tamen
1244 570 1451 620 predictos
1485 570 1675 608 abbatem
1710 574 1749 607 et
1784 581 1974 609 conuen-

113 647 195 681 tum
229 643 556 693 relinqueremus
589 642 729 694 gratia
763 645 905 678 nostra
940 651 1096 678 vacuos
1130 643 1171 677 et-
1205 643 1424 689 expertes.
1468 638 1519 676 de
1553 639 1732 688 ipsorum
1767 638 1972 688 benepla-

114 712 194 750 cito
228 715 352 762 atque
385 717 549 749 nostro.
597 713 638 747 et
670 708 721 746 ad
756 708 990 759 petitionem
1025 719 1187 759 eorum.
1231 707 1394 745 dimissa
1440 706 1556 744 nobis
1595 710 1635 745 et
1675 707 1865 745 restituta
1898 718 1974 757 per

114 790 188 818 eos
222 779 309 829 ipsa
344 778 454 816 villa.
489 778 607 815 aliam
644 777 779 815 villam
813 781 992 815 nostram
1029 775 1172 814 dictam
1207 774 1422 814 Stalsdorf
1451 776 1561 813 circa
1588 774 1874 813 XVreudental
1909 776 1971 813 si-

113 852 206 899 tam.
253 858 341 885 cum
375 846 618 897 hominibus.
666 845 864 884 domibus.
907 845 1032 883 areis.
1076 845 1209 897 agris.
1254 844 1433 893 pascuis.
1477 843 1620 893 pratis.
1663 843 1797 880 silvis.
1835 843 1969 894 aquis.

112 914 370 954 molendinis.
406 914 715 965 piscationibus.
750 913 1033 964 prouentibus.
1069 912 1216 950 iudicio
1251 917 1289 950 et
1325 912 1480 949 iuribus
1514 922 1564 949 ac
1592 911 1850 961 pertinentiis
1883 912 1971 949 suis

113 983 320 1022 omnibus.
367 983 504 1020 abbati
540 988 579 1021 et
614 982 834 1021 conuentui
868 980 1116 1031 supradictis
1160 985 1199 1018 et
1233 979 1548 1018 successoribus
1588 990 1726 1017 eorum
1760 980 1971 1018 vniuersis

113 1051 164 1090 ob
198 1050 394 1101 specialis
429 1050 659 1089 deuotionis
693 1049 902 1088 affectum.
947 1060 1065 1100 quem
1099 1048 1151 1086 ad
1186 1049 1473 1087 monasterium
1515 1048 1644 1098 ipsum
1683 1047 1896 1086 babuimus
1930 1051 1971 1085 et

112 1119 325 1157 habemus.
359 1130 437 1157 nec
471 1130 549 1156 non
584 1131 657 1169 pro
680 1125 820 1156 nostre
844 1130 893 1156 ac
918 1118 1228 1171 progenitorum
1258 1121 1487 1154 nostrorum
1521 1116 1740 1153 animarum
1776 1115 1970 1167 remedio7

115 1187 256 1225 damus
291 1193 330 1225 et
364 1185 613 1225 conferimus
647 1186 874 1225 liberaliter
907 1186 958 1225 de
991 1187 1130 1239 gratia
1165 1185 1349 1236 speciali.
1393 1195 1467 1234 per
1501 1195 1573 1222 eos
1609 1185 1697 1222 iure
1731 1184 1966 1234 proprieta-

113 1256 166 1294 tis
199 1256 238 1293 in
273 1261 512 1306 perpetuum
548 1254 849 1305 possidendam.
914 1255 959 1292 In
1003 1255 1119 1292 cuius
1163 1255 1220 1292 rei
1264 1253 1534 1291 testimonium
1574 1256 1791 1303 presentes
1825 1252 1968 1290 literas

113 1323 264 1362 exinde
307 1322 392 1362 lieri
436 1330 474 1362 et
517 1323 670 1376 sig-illis
713 1324 939 1361 maiestatis
985 1329 1126 1361 nostre
1173 1323 1364 1360 iussimus
1411 1321 1659 1359 communiri.
1732 1320 1880 1358 Datum
1928 1321 1966 1358 in

113 1391 271 1442 Opauia
313 1402 388 1442 per
420 1404 562 1429 manus
598 1391 849 1429 venerabilis
894 1391 1004 1429 Petri
1044 1390 1288 1428 Basiliensis
1331 1390 1532 1440 episcopi.
1581 1388 1967 1442 XVissegradensis

113 1460 309 1511 prepositi
344 1464 383 1498 et
418 1460 539 1513 regni
576 1460 702 1498 nostri
737 1460 904 1498 Boemie
937 1459 1197 1497 cancellarii.
1236 1459 1432 1508 principis
1466 1458 1594 1496 nostri
1630 1457 1779 1495 dilecti.
1844 1458 1966 1495 Anno

114 1527 258 1567 domini
301 1528 511 1567 millesimo
555 1527 834 1566 ducentesimo
876 1528 1148 1581 nonagesimo
1191 1531 1358 1565 octauo.
1408 1526 1501 1564 Vll.
1536 1525 1752 1564 Kalendas
1795 1526 1966 1576 Aprilis.

113 1595 345 1635 indictionis
380 1596 605 1635 undecime.
670 1597 812 1650 Regni
848 1597 974 1635 nostri
1010 1607 1117 1634 anno
1151 1596 1290 1646 primo.

422 1695 471 1726 Ex
497 1696 647 1735 originali
674 1697 703 1726 in
728 1695 863 1726 archivo
887 1705 958 1736 reg.
983 1694 1082 1726 Prov.
1109 1694 1306 1726 wratislav.

929 1843 1145 1881 Lxxxv.

119 1951 420 1991 Theodericus.
475 1954 694 2004 episcopus
750 1953 1063 1992 ol‹mm‹.-en.s·2·.s·.
1121 1953 1294 1991 vidimus
1350 1957 1388 1991 cl
1440 1954 1658 2005 csmsirmal
1709 1955 1962 1992 neonus-{erio

113 2019 405 2058 Osirin-(mensi
438 2021 658 2071 prii-Nestis!
692 2021 882 2060 (ltalfari.
920 2023 1028 2070 reglis
1060 2022 1276 2071 flaontino.
1321 2022 1506 2061 Roberti.
1549 2023 1734 2073 episcopi
1770 2022 1960 2060 monzac.

112 2091 151 2125 et
184 2088 427 2126 Alexandri
456 2102 594 2140 papae
631 2089 707 2129 [Γ.
741 2101 869 2141 snper
890 2091 969 2141 jus·
999 2093 1253 2140 patronatus-
1285 2090 1485 2129 ecclesiae
1514 2090 1771 2141 parm-Inulae
1805 2090 1851 2128 S.
1872 2090 1959 2128 Ja-

305 2157 394 2195 vobi
430 2158 618 2196 mamm.
685 2159 782 2196 mo.
818 2159 858 2196 ιή
895 2158 1084 2197 Olomuc.
1123 2158 1199 2197 11⁷.
1236 2159 1384 2196 Nonas·
1416 2158 1586 2209 Aprilis.
1624 2158 1764 2195 1298.

287 2265 335 2315 ln
370 2278 530 2315 nomine
565 2277 709 2315 domini
745 2290 873 2316 amen.
940 2278 1052 2315 Inter
1081 2278 1240 2316 humani
1275 2279 1450 2329 generis
1476 2277 1641 2315 arduas.
1678 2278 1825 2328 quibus
1860 2289 1958 2328 per-

110 2343 244 2393 plexis
287 2343 529 2396 frequenter
571 2347 830 2399 exagitatur.
878 2346 1175 2384 sollicitudines
1216 2358 1341 2397 opere
1385 2347 1562 2397 precium
1606 2353 1691 2387 est.
1740 2358 1790 2383 nc
1832 2358 1959 2396 opera

110 2412 274 2462 pietatis
309 2421 454 2451 cxacta
490 2414 716 2467 diligencia
751 2426 772 2452 a
808 2415 1068 2465 Principibus
1102 2421 1139 2453 et
1177 2414 1408 2452 illustribus
1444 2414 1637 2466 Regibus
1670 2415 1708 2452 in
1743 2415 1804 2452 sui
1839 2414 1955 2452 salu-

109 2484 187 2519 tem
223 2489 454 2531 preparata.
489 2488 527 2520 ct
552 2483 708 2520 sanctis
737 2483 933 2533 patribus.
970 2483 1163 2521 Romanis
1191 2481 1454 2521 Pontificibus
1479 2481 1725 2521 confirmata.
1761 2482 1952 2521 obliuioni

109 2548 227 2588 bonis
261 2551 498 2588 nouercanti
534 2551 727 2600 operibus
762 2551 1088 2600 pessumlentur.
1132 2559 1171 2589 et
1205 2564 1256 2589 ne
1291 2550 1399 2589 facta
1433 2550 1631 2590 bominum
1671 2549 1819 2589 inliciat
1853 2563 1952 2589 snc-
