2217 2829
1130 182 1195 222 92

227 329 306 369 per
349 330 492 357 manus
534 317 709 369 predicti
753 317 915 357 Nicolai
948 318 1170 360 Scolastici
1202 320 1335 359 nostri
1376 331 1484 359 anno
1528 319 1675 359 domini
1718 319 1777 358 M.
1813 317 2094 361 CCvalll.

228 387 270 425 in
304 387 454 440 vigilia
488 386 599 426 beati
632 386 769 425 Marci
803 387 1100 441 ewangeliste.

540 507 569 538 E
595 506 677 538 Cod.
703 506 817 538 Chart.
841 507 868 539 Ι.
892 517 925 550 p.
949 507 1011 539 85.
1035 509 1068 540 in
1092 508 1229 541 archivo
1254 508 1391 551 capituli
1417 507 1659 540 olomucensis.

1113 679 1207 722 XC.

234 805 530 855 wem-eslans,
571 817 653 843 res·
694 805 901 843 Boemiae
941 807 982 843 et
1027 805 1215 844 viare-hio
1256 806 1501 857 ,norm-iae,
1550 808 1806 845 monasterio
1848 805 1896 847 S.
1939 806 2095 847 Clarae

228 873 435 913 mamutii
476 873 661 912 insulam
699 873 847 911 [Λα-ρο
888 876 989 911 (mle
1022 873 1214 913 Olomuc
1251 875 1430 926 confert.
1503 874 1604 913 Dlo.
1644 875 1838 925 Proque,
1880 875 2094 915 Kalendis

1011 941 1132 980 Maii.
1168 941 1311 980 1298.

383 1062 485 1113 Nos
518 1073 836 1126 U'enceslaus,
871 1073 936 1112 dei
970 1074 1121 1127 gracia
1153 1084 1231 1113 rex
1263 1074 1456 1127 Boemie,
1491 1073 1574 1112 dux
1608 1072 1817 1114 Cracouie
1850 1078 1892 1113 et
1923 1073 2093 1114 Sando-

226 1144 376 1196 merie,
424 1141 688 1193 marchioque
721 1142 938 1194 Morauie,
985 1146 1131 1180 tenore
1172 1143 1423 1192 presentium
1465 1145 1601 1181 notum
1644 1153 1742 1182 esse
1783 1143 1972 1182 volumus
2012 1146 2094 1182 tam

227 1212 517 1263 presentibus,
565 1222 685 1262 qvam
725 1209 898 1263 suturis,
946 1209 1054 1261 quod
1095 1222 1171 1249 nos
1213 1209 1531 1250 considerantes
1572 1213 1731 1250 attente
1776 1211 1884 1251 inter
1924 1211 2092 1262 pietatis

227 1292 353 1332 opera
387 1280 530 1319 merito
564 1282 849 1330 computantes
883 1279 961 1329 piis
994 1278 1096 1317 locis
1130 1282 1171 1317 et
1196 1279 1402 1331 personis,
1436 1279 1475 1317 in
1510 1279 1573 1318 eis
1598 1278 1675 1318 deo
1700 1276 2007 1331 famulantibus,
2041 1278 2094 1319 de

226 1349 346 1388 bonis
379 1348 498 1388 nobis
531 1360 555 1386 a
589 1347 667 1387 deo
701 1347 862 1386 collatis
897 1346 1211 1386 elemosinarum
1254 1346 1460 1400 suffragia
1501 1347 1720 1399 impartiri,
1767 1347 1973 1398 nobisque
2013 1346 2094 1387 hec

228 1419 267 1456 in
301 1418 545 1457 remissione
579 1414 780 1467 proficere
814 1418 1094 1467 peccatorum,
1142 1415 1313 1453 insulam
1357 1414 1504 1453 dictam
1538 1415 1704 1455 Lasecz
1745 1418 1843 1454 ante
1882 1414 2093 1468 Olomucz,

227 1486 277 1525 ad
314 1497 517 1524 cameram
552 1488 732 1523 nostram
767 1483 1080 1523 olomucensem
1114 1486 1389 1535 spectantem,
1424 1495 1511 1521 cum
1546 1484 1747 1522 ortulanis
1781 1487 1888 1535 octo,
1923 1484 1992 1534 qui
2024 1487 2092 1523 te-

226 1562 378 1594 nentur
410 1553 591 1605 salcare;
628 1557 784 1604 pratum
819 1563 953 1601 unum,
987 1551 1036 1590 ad
1074 1550 1221 1590 dictam
1254 1551 1433 1590 Insulam
1468 1552 1702 1603 pertinens,
1736 1555 1777 1590 et
1810 1551 1982 1603 quilibet
2015 1563 2090 1591 eo-

227 1636 312 1662 rum
355 1623 550 1661 lottonum
589 1634 710 1660 unum
753 1621 921 1674 argenti
968 1632 1041 1671 pro
1084 1625 1190 1672 orto,
1238 1631 1357 1671 quem
1399 1623 1513 1658 tenet
1550 1620 1591 1657 in
1629 1631 1700 1672 ea,
1743 1630 1896 1659 census
1929 1619 2092 1659 nomine

228 1692 354 1731 debet
387 1692 555 1729 soluere
588 1690 818 1741 annuatiing
853 1701 941 1727 cum
976 1692 1151 1739 quatuor
1184 1699 1350 1739 quoque
1384 1688 1658 1738 piscatoribus
1691 1688 1731 1726 in
1765 1687 1909 1728 eadem
1943 1688 2090 1740 insula,

229 1772 399 1812 quorum
435 1759 603 1810 quilibet
639 1758 763 1796 solvit
797 1762 884 1796 tres
918 1756 1111 1795 denarios
1145 1757 1327 1807 qualibet
1360 1757 1610 1807 septimana,
1652 1768 1731 1795 nec
1764 1768 1845 1795 non
1879 1768 1969 1795 cum
2001 1767 2090 1795 mo-

227 1828 393 1867 lendino
427 1840 507 1865 uno
543 1828 580 1865 in
616 1837 724 1878 aque
757 1826 892 1864 insule
925 1830 1168 1877 memorate,
1216 1824 1320 1863 duas
1353 1829 1466 1863 rotas
1500 1824 1702 1875 habente,
1750 1824 1802 1864 de
1835 1836 1916 1876 quo
1954 1823 2090 1863 nullus

228 1908 381 1936 census
415 1896 602 1945 soluitur,
637 1895 710 1933 sed
747 1894 879 1933 eidem
912 1905 1076 1933 camere
1110 1893 1297 1933 molendo
1331 1893 1538 1943 deseruitg
1578 1893 1793 1932 abbatisse
1827 1896 1869 1932 et
1901 1903 2089 1932 conuen-

228 1966 284 2004 tui
333 1964 562 2003 monialium
609 1963 846 2002 monasterii
895 1961 1051 2000 ordinis
1098 1965 1243 2000 sancte
1290 1958 1418 2000 Clare
1465 1963 1504 2000 in
1545 1960 1760 2013 Olomuez,
1807 1961 2091 2012 principaliter

228 2038 397 2085 propter
430 2032 562 2071 Deum
597 2036 638 2071 et
680 2032 813 2070 anime
856 2034 998 2070 nostre
1033 2029 1275 2081 remedium,
1319 2030 1461 2068 damus
1495 2034 1535 2069 et
1569 2028 1820 2069 conserimus
1854 2028 1906 2068 de
1939 2029 2090 2082 gracia

228 2101 414 2152 speciali,
449 2112 566 2151 quani
602 2100 763 2151 quidem
798 2099 970 2137 insulam
1005 2111 1093 2137 cnm
1118 2098 1236 2136 dictis
1262 2099 1476 2150 ortulanis,
1512 2105 1641 2150 prato,
1676 2097 1966 2149 piscatoribus,
1999 2108 2088 2136 mo-

229 2169 416 2220 lendino,
464 2168 595 2219 quod,
643 2170 747 2207 sicut
782 2168 872 2206 olim
907 2167 1016 2206 dicte
1049 2178 1213 2206 camere
1251 2166 1485 2219 seruiebat,
1532 2168 1593 2205 sic
1635 2164 1796 2217 prefato
1838 2166 2088 2205 monasterio

228 2239 390 2277 seruire
424 2237 645 2275 tenebitur.
680 2237 730 2274 ad
767 2237 893 2286 ipsam
930 2236 1101 2274 insulani
1128 2235 1443 2286 pertinentibus,
1478 2235 1633 2274 eisdem
1663 2234 1876 2273 abbatisse
1910 2237 1951 2273 et
1983 2245 2087 2273 con-

230 2307 368 2344 uentni
413 2318 486 2356 per
528 2306 742 2343 ,libertum
788 2304 839 2343 de
881 2303 1140 2355 Sternlmrk,
1186 2304 1453 2342 camerarium
1493 2302 1827 2353 Oloinucensein,
1873 2302 2088 2355 assignari

230 2374 415 2417 fecimus,
460 2386 533 2424 per
567 2386 639 2411 eas
675 2374 763 2412 iure
799 2373 1062 2423 proprietatis
1096 2376 1294 2423 perpetuo
1330 2371 1631 2422 possidendam.
1696 2370 1741 2408 In
1776 2371 1894 2408 cuius
1927 2370 1988 2409 rei
2020 2373 2087 2408 te-

231 2443 456 2480 stiinonium
494 2446 711 2492 presentes
747 2442 905 2479 litteras
940 2440 1038 2487 lieri,
1073 2445 1111 2480 et
1146 2440 1300 2493 sigillis
1324 2440 1549 2479 niaiestatirs
1573 2442 1714 2478 nostre
1749 2439 1939 2477 iussimus
1972 2449 2085 2476 com-

231 2511 389 2549 muniri.
465 2511 610 2548 Datum
649 2510 791 2559 l'rage
835 2522 908 2559 per
942 2521 1085 2547 'nanus
1127 2508 1381 2547 uenerabilis
1416 2508 1552 2554 Petri,
1600 2507 1846 2546 Basiliensis
1888 2505 2086 2557 episcopi,

230 2578 618 2631 U'isscgradensis
653 2578 863 2628 prepositi.
898 2581 937 2615 et
973 2578 1096 2629 regni
1129 2577 1257 2615 nostri
1292 2576 1460 2615 Boeinie
1493 2576 1746 2627 cancellarii,
1781 2574 1975 2625 principis
2008 2585 2085 2612 no-
