2217 2829
1004 107 1100 147 251

948 243 1156 285 XXXVI.

283 362 504 414 otakarus
535 382 614 411 rex
646 367 868 409 Herbordo
911 366 962 406 de
994 363 1264 424 Fullensteinv
1296 359 1482 413 dapifero
1524 358 1758 411 Brunonis‚
1804 357 1991 409 episcopi

128 442 438 494 olomucensis,
483 437 646 480 confert
686 426 811 477 villas
852 434 1110 475 Kfenowice
1156 436 1198 472 et
1239 429 1549 482 Stepanowice.
1621 427 1775 467 Datum
1815 425 1990 479 Pragae

128 512 261 553 Nonis
292 509 513 550 Februarii
552 506 696 547 1265.

440 607 493 639 Ex
517 606 625 638 annal.
649 578 855 646 IIorkyanis.
879 602 942 634 cst.
966 599 1148 642 Paprocky
1172 597 1319 630 Zrcadlo
1345 607 1377 639 p.
1402 595 1489 628 405.

949 747 1176 789 XXXVII.

291 855 529 919 otakarus7
561 864 774 916 Boemiae,
807 866 849 903 et
881 860 1137 912 Stephanus7
1173 858 1393 913 Ungariae
1426 867 1560 911 reges
1592 855 1831 907 promittunt
1861 861 1997 893 mutuo

136 949 280 990 pacem
313 940 355 976 et
386 933 646 976 concordiam
678 932 932 983 observare,
975 928 1122 968 dantes
1155 927 1322 966 arbitris
1354 928 1600 977 potestatem
1637 921 1860 963 firmandae
1894 934 1998 963 con-

138 1005 305 1046 cordiae
338 1006 446 1044 inter
477 1004 604 1055 ipsos.
669 1001 781 1041 Data
813 1001 854 1038 in
887 998 1022 1038 insula
1050 998 1169 1049 juxta
1202 995 1424 1036 Posonium
1457 1005 1565 1033 anno
1604 991 1753 1032 1267.

448 1103 580 1134 Dobner
604 1100 697 1132 Mon.
722 1100 764 1131 Π.
789 1110 821 1141 p.
846 1096 933 1130 368.

943 1244 1195 1285 XXXVIII.

142 1363 381 1403 otakarus.
424 1374 505 1400 rea·
538 1361 742 1400 Βοέηιίιιε
775 1362 816 1399 et
849 1358 944 1398 dusc
976 1357 1199 1405 Ans-triae,
1241 1355 1431 1394 homines
1472 1353 1719 1392 monaster-iz·
1750 1351 2005 1391 Zwetlense's

141 1432 187 1470 in
220 1430 397 1471 Chrems
430 1433 469 1468 et
504 1428 758 1478 Eyenburch
794 1427 843 1466 ab
877 1427 993 1466 omni
1024 1425 1250 1464 exactione
1283 1422 1445 1462 liberat.
1511 1423 1611 1461 Dto.
1645 1422 1827 1461 Brumae
1864 1432 2006 1459 mense

861 1493 1114 1534 Novembri-s·
1151 1492 1292 1531 1267.

299 1604 360 1656 0.
407 1616 488 1655 Dei
521 1616 663 1670 gratia
696 1616 939 1654 Boemorum
972 1625 1071 1667 rex„
1118 1613 1216 1653 Dux
1250 1613 1423 1652 Austrie
1461 1617 1503 1651 et
1540 1611 1683 1662 Styrie
1725 1623 1774 1650 ac
1816 1609 2008 1649 Mart-hio

144 1685 361 1731 Morax·ie.,
408 1684 594 1724 omnibus
635 1683 843 1733 judicibus
885 1689 927 1723 et
968 1681 1224 1722 Officialibus
1271 1682 1358 1721 suis
1404 1692 1478 1732 per
1520 1681 1733 1719 Austriam
1776 1680 2009 1719 constitutis

147 1754 327 1809 gratiam
369 1764 485 1791 suam
527 1756 567 1791 et
609 1764 726 1791 omne
768 1752 938 1791 Bonum.
1011 1750 1143 1799 Quum
1185 1752 1263 1802 piis
1304 1751 1601 1804 religiosorum
1644 1749 1839 1800 precibus
1878 1748 2010 1788 honor

146 1827 290 1862 noster
322 1820 550 1871 stabilitur,
589 1826 629 1859 et
663 1832 841 1874 regnum
875 1821 1089 1871 omnisque
1121 1820 1379 1871 prosperitas
1412 1822 1556 1858 nostra
1588 1819 1739 1869 accipit
1772 1819 2009 1857 incremen-

147 1895 242 1941 tumf
285 1888 557 1930 solicitudinis
591 1895 677 1941 θεῖ,
723 1890 831 1928 sicut
864 1900 961 1928 esse
1001 1888 1147 1940 debet7
1190 1889 1369 1938 ipsorum
1406 1887 1626 1927 commodis
1670 1891 1711 1926 et
1752 1885 2010 1937 profectibus

148 1964 261 1999 tanto
295 1958 466 2009 amplius
500 1956 733 2009 intendere,
767 1962 919 2008 quanto
953 1969 1030 1996 nos
1064 1955 1301 1996 confidimus
1335 1968 1475 1996 eorum
1509 1955 1764 1996 orationibus
1799 1953 2011 1994 efficacius

148 2028 351 2079 adjuvari.
417 2024 520 2067 Cum
554 2032 689 2065 autem
723 2023 876 2065 fratres
909 2025 960 2064 de
993 2026 1132 2065 Zwetl
1166 2030 1205 2064 et
1238 2026 1279 2064 in
1312 2024 1603 2076 hospitalitatis
1637 2024 1894 2063 exhibitione
1929 2024 2011 2063 sint

149 2096 450 2148 promptissimi„
484 2100 525 2135 et
557 2095 786 2134 hominibus
820 2096 992 2145 nostrise
1027 2098 1167 2145 utpote
1201 2095 1240 2132 in
1274 2098 1403 2132 strata
1438 2093 1601 2144 publica
1636 2093 1886 2145 constitutis7
1921 2091 2011 2132 sre-

151 2170 326 2217 quenter
359 2176 433 2215 pei·
467 2176 605 2204 eorum
640 2162 729 2202 linis
763 2164 976 2202 transitum
1005 2162 1253 2202 facientibus
1287 2162 1338 2201 ad
1363 2163 1558 2202 honorem
1593 2167 1774 2200 nostrum
1807 2174 1882 2213 pro
1907 2174 2011 2200 sua-

153 2245 237 2272 rum
271 2233 387 2283 copia
422 2231 661 2271 facultatum
695 2232 929 2271 ministrare
962 2233 1203 2271 necessaria
1238 2237 1565 2285 cognoscantur.
1609 2231 1687 2269 hac
1721 2230 2011 2270 vicissitudine

152 2312 291 2341 eoi-um
325 2300 512 2340 duximus
547 2302 757 2351 obsequiis
792 2300 1136 2352 respondendum.
1172 2307 1212 2338 ut
1247 2312 1386 2340 eorum
1410 2298 1593 2339 (¹olonos
1626 2299 1780 2350 ubique
1814 2300 1853 2337 in
1888 2300 2012 2338 terris

152 2371 326 2409 nostris.
373 2370 424 2407 ab
459 2371 561 2408 omni
599 2370 868 2408 violentorum
912 2370 1056 2419 injuria
1092 2367 1375 2407 defendamus.
1444 2368 1503 2406 Ea
1547 2373 1714 2418 propter
1748 2368 2011 2406 universitati

153 2445 321 2477 nostrae
355 2438 546 2476 distincte
579 2438 864 2488 praecipimus.
900 2444 1068 2480 nostrae
1093 2439 1260 2491 grenlac
1288 2450 1358 2487 pro
1385 2442 1567 2487 optentu.
1603 2440 1808 2486 quatenus
1843 2435 2013 2474 eiistlcru

155 2505 351 2545 fratribus
399 2515 437 2544 ct
486 2506 714 2544 horninibus
763 2507 940 2557 ipsorum
989 2507 1136 2545 nullam
1185 2507 1444 2545 exactionem
1495 2506 1725 2556 imponere7
1777 2504 2013 2557 nullumque

1492 2578 1555 2616 32
