2217 2829
1070 143 1169 182 226

191 280 306 323 CCC
341 281 536 320 denariis.
583 281 662 318 nisi
705 281 746 318 in
778 279 873 318 Lx.
937 279 1116 330 Insuper
1148 278 1273 319 iudex
1306 290 1522 330 numquam
1556 278 1681 318 debet
1709 278 1898 330 judicare
1931 281 2046 320 solus

191 350 270 389 nisi
301 352 499 401 presente
532 348 763 388 castellano
802 348 871 387 uel
912 347 1119 399 aliquibus
1151 347 1380 386 Nobilibus.
1427 350 1468 386 et
1501 347 1664 398 quando
1698 347 1862 386 villicus
1894 347 2047 387 iudicat

189 430 271 457 non
304 417 429 457 debet
461 418 521 456 ire
555 416 606 455 ad
639 415 883 467 capiendum
923 415 1136 455 consilium
1179 414 1230 453 de
1267 414 1417 454 iudicio
1459 414 1533 454 sed
1575 414 1729 454 iudicet
1769 414 1924 454 sedens
1956 427 2047 454 cum

190 485 395 524 militibus.
460 484 561 523 Item
594 483 758 535 quando
791 487 951 534 tempus
993 487 1058 522 est
1090 483 1151 521 ire
1184 482 1236 521 ad
1270 482 1459 521 iudicium
1502 486 1543 522 et
1575 487 1670 521 sunt
1702 494 1856 522 omnes.
1890 486 1932 522 et
1963 483 2047 522 vil-

191 554 295 592 licus
337 564 418 592 non
459 552 549 591 vult
585 552 745 591 venire.
788 551 915 591 iudex
956 550 1107 590 iudicet
1145 562 1234 589 cum
1276 550 1481 589 militibus.
1545 550 1750 590 Preterea
1790 561 1954 601 semper
1995 550 2048 590 de

190 631 309 660 mane
351 625 393 660 et
433 631 639 671 nunquam
680 619 781 658 hora
823 620 1008 658 serotina
1053 631 1078 657 a
1118 618 1253 658 iudice
1291 622 1332 658 et
1372 631 1397 657 a
1437 618 1576 658 villico
1609 618 1799 657 iudicium
1831 618 2047 658 habeatur.

190 688 364 737 Quando
397 689 547 739 aliquis
587 685 830 727 interficitur
862 688 901 726 in
935 688 1003 726 via
1036 687 1128 725 siue
1169 687 1304 725 militis
1346 687 1437 726 siue
1478 686 1624 725 iudicis
1657 697 1733 726 seu
1765 686 1906 725 villici.
1952 685 2048 726 inde

191 756 232 796 fit
264 768 420 811 magna
453 754 654 795 confusio.
701 755 836 794 solent
868 756 1017 806 apponi
1051 754 1210 793 denarii
1242 767 1383 793 aurum
1417 759 1653 809 argentum.
1691 754 1760 793 ille
1793 755 1885 805 quis
1919 766 2048 794 accu-

192 829 257 864 sat
302 837 383 864 non
425 824 609 863 dominus
651 823 778 863 habet
819 824 958 862 iurare
1003 834 1131 873 super
1172 827 1318 861 sancta
1359 826 1606 862 sanctorum.
1674 822 1740 861 De
1783 822 1920 862 debito
1967 834 2048 862 non

192 893 316 934 debet
358 893 507 944 aliquis
549 892 674 931 vendi
716 892 795 930 nisi
836 892 876 929 in
918 891 1047 930 tercio
1090 891 1274 929 termino.
1339 891 1516 941 Insuper
1556 891 1693 929 nullus
1735 890 1786 930 de
1818 890 2048 930 hominibus

192 962 384 1001 nobilium
431 962 499 1012 qui
539 959 697 998 vadunt
738 961 778 998 in
820 960 986 1010 propria
1028 959 1096 998 vel
1144 959 1185 996 in
1231 958 1369 1009 aliqua
1411 959 1635 1011 legacione
1676 959 1767 998 siue
1808 958 1861 997 ad
1902 957 2046 998 forum.

192 1042 408 1081 numquam
441 1030 481 1067 in
516 1040 621 1068 nouo
655 1028 733 1066 nisi
766 1028 807 1066 in
840 1028 1008 1078 antiquo
1042 1027 1222 1066 thelonio
1255 1026 1402 1065 soluat.
1468 1026 1567 1065 Item
1605 1027 1741 1065 nullus
1774 1026 1826 1065 ad
1858 1026 2048 1066 iudicium

191 1098 366 1138 accedat
399 1098 477 1136 nisi
511 1096 563 1135 de
597 1095 712 1135 domo
746 1095 970 1134 secundum
1006 1096 1068 1134 ius
1101 1095 1215 1145 prius
1249 1095 1410 1134 citetur.
1452 1094 1630 1145 Insuper
1663 1096 1698 1133 si
1732 1095 1894 1134 villicus
1927 1096 2049 1148 regis

193 1168 284 1206 sine
318 1166 466 1204 iudicio
508 1164 850 1218 impignorauerit
891 1163 1081 1214 aliquem.
1129 1174 1205 1202 rex
1247 1163 1336 1202 iure
1369 1174 1444 1201 suo
1477 1164 1677 1216 corrigat.
1720 1164 1756 1202 si
1789 1166 1854 1202 est
1886 1163 2050 1202 villicus

193 1235 421 1274 camerarii.
454 1244 630 1272 marcam
663 1233 753 1270 auri
786 1232 933 1270 soluat.
967 1233 1002 1270 si
1036 1231 1220 1270 dominus
1245 1228 1445 1270 beneficio
1479 1235 1633 1269 careat.
1697 1230 1765 1270 Ad
1798 1230 1876 1270 hec
1909 1241 2050 1270 omnes

193 1302 459 1342 communiter
495 1301 693 1340 tabernas
727 1300 919 1339 habeant.
966 1300 1172 1339 Preterea
1205 1300 1442 1350 campiones
1476 1311 1556 1338 non
1589 1299 1773 1339 habeant
1804 1300 1883 1338 nisi
1907 1302 2052 1338 contra

193 1376 431 1410 extraneos.
495 1370 664 1408 Interea
697 1369 918 1407 Prouincia
943 1368 1207 1407 Betouiensis
1241 1368 1281 1405 in
1314 1367 1458 1406 eodem
1491 1372 1600 1406 statu
1631 1371 1870 1418 permaneat
1902 1368 1942 1406 in
1970 1378 2051 1418 quo

192 1439 483 1489 Znoyinensis.
548 1437 596 1476 In
629 1437 710 1487 hijs
742 1437 928 1476 omnibus
962 1437 1188 1487 excipimus
1224 1436 1449 1489 priuilegIa
1487 1437 1666 1475 virorum
1701 1436 1993 1490 religiosorum
2025 1447 2052 1473 a

193 1508 448 1560 principibus
481 1507 543 1545 eis
577 1517 803 1557 concessa7
850 1509 891 1544 et
931 1505 1019 1542 iura
1053 1505 1296 1543 clericorum
1339 1517 1428 1543 cum
1471 1504 1633 1543 dotibus
1671 1504 1941 1542 ecclesiarum
1982 1504 2051 1554 qui

193 1580 402 1630 reguntur
435 1574 660 1613 secundum
703 1575 766 1612 ius
800 1573 1052 1612 canonicum.
1120 1573 1177 1610 Vt
1217 1576 1352 1611 autem
1394 1572 1471 1611 hec
1514 1573 1646 1611 onmia
1689 1575 1777 1610 rata
1820 1576 1861 1611 et
1903 1572 2050 1610 incon-

194 1645 314 1683 uulsa
348 1646 626 1695 permaneant.
662 1646 703 1681 et
735 1642 874 1680 maiori
909 1641 1089 1679 nitantur
1123 1641 1271 1679 robore
1305 1652 1354 1679 ac
1379 1640 1630 1679 euidenciori
1665 1641 1705 1679 in
1739 1644 1948 1691 posterum
1973 1651 2050 1690 pa-

194 1717 308 1752 teant
353 1713 529 1751 ueritate
570 1714 806 1762 presentem
852 1711 1048 1763 paginam
1091 1710 1152 1748 eis
1199 1707 1369 1747 fecimus
1412 1709 1631 1747 conscribi.
1680 1712 1722 1747 et
1755 1708 1886 1762 sigilli
1921 1708 2052 1746 nostri

194 1781 468 1832 impressione
511 1779 710 1818 roborari.
775 1778 951 1817 testibus
996 1778 1227 1816 subnotatis
1270 1788 1439 1828 quorum
1481 1777 1644 1815 nomina
1676 1780 1772 1815 sunt
1804 1776 1894 1815 hec.
1959 1775 2053 1814 Filii

194 1850 315 1903 regis
348 1847 640 1887 Wenceslaus
673 1851 714 1885 et
746 1845 1027 1885 wladislaus.
1083 1846 1292 1884 Robertus
1326 1844 1612 1884 olomucensis
1646 1845 1882 1896 episcopus.
1932 1844 2052 1895 Eppo

195 1918 432 1968 prepositus
464 1916 715 1969 pragensis.
779 1914 941 1953 Bohuta
975 1914 1210 1965 prepositus
1242 1914 1586 1953 Boleslauiensis.
1650 1913 1945 1967 Engessalcus
1978 1923 2051 1951 re-

195 1987 267 2040 gis
299 1985 647 2036 prothonotarius.
712 1983 876 2022 Beness
910 1982 1164 2022 castellanus
1198 1981 1249 2021 de
1282 1981 1491 2020 Budissin.
1558 1982 1697 2021 Jaros.
1753 1980 1942 2019 Budiwoi
1975 1992 2050 2018 ca-

196 2054 399 2093 stellanus
432 2052 484 2092 de
519 2050 713 2091 Cladsco.
777 2051 911 2089 lliwis
945 2051 1199 2090 castellanus
1232 2050 1284 2089 de
1317 2050 1522 2089 Pracben.
1587 2049 1818 2088 Bohussius
1851 2048 2051 2087 castella-

196 2134 274 2160 nus
316 2121 367 2160 de
409 2121 601 2160 netolich.
666 2117 815 2159 Coiata
857 2117 1110 2170 subdapiser.
1176 2118 1337 2158 Holach
1378 2118 1670 2168 subpincerna.
1736 2117 1957 2155 Prossimir
2000 2116 2053 2156 de

198 2190 408 2228 l'rawlen.
456 2190 729 2243 Ingrammus.
783 2187 951 2238 Depolt.
1014 2188 1259 2227 l'omnenus.
1316 2187 1526 2225 Howoriz.
1578 2185 1753 2224 XVelen.
1802 2182 2052 2224 Cothardus.

198 2261 239 2297 et
282 2258 508 2296 llartlebus
559 2256 724 2296 fratres.
789 2256 1012 2295 chricus.
1068 2256 1224 2306 Lupus.
1277 2255 1491 2308 Rugerus
1555 2253 1735 2292 Vlricus.
1791 2253 2051 2292 Branizlaus.

200 2325 438 2365 Bobdanez.
487 2325 756 2364 XVilhfflmus
807 2324 971 2375 Lupolt.
1019 2324 1233 2362 castellani
1267 2322 1571 2372 znoymenses.
1621 2322 1753 2361 Lewa
1786 2321 2051 2360 camerarius.

200 2393 461 2433 'l'heodricus
495 2393 546 2432 (le
570 2390 768 2432 Chnesiz.
806 2392 1047 2443 Stephanus
1080 2391 1334 2430 castellanus
1368 2391 1420 2430 (le
1447 2389 1669 2429 Jewiczki.
1709 2390 1881 2429 Ratibor
1912 2388 2051 2429 iudex.

204 2459 466 2500 wolfi-mnus
499 2466 540 2501 et
573 2460 638 2499 lilii
673 2462 736 2499 sui
771 2460 822 2499 de
857 2461 1178 2499 Branissowicz.
1238 2460 1345 2498 Acta
1380 2463 1475 2497 sunt
1507 2458 1584 2498 hec
1617 2470 1724 2498 anno
1759 2458 1958 2497 dominice
1987 2457 2053 2495 in-

203 2530 475 2568 carnacionis.
528 2530 586 2568 M.
617 2527 705 2568 CC.
736 2529 872 2568 xxii.
916 2530 954 2567 in
987 2528 1160 2578 Znoym.
1207 2539 1315 2581 rege
1357 2531 1397 2566 et
1435 2528 1585 2580 regina
1629 2539 1717 2565 cum
1761 2525 2052 2576 prenominatis
