2217 2829
1132 171 1198 210 90

232 312 295 346 tra
329 307 531 345 iusticiam
567 310 607 345 et
642 307 681 344 in
714 318 947 360 grauamen
981 319 1098 346 suum
1132 331 1187 336 —
1222 312 1263 346 et
1296 307 1410 347 sedis
1444 319 1520 347 sue
1553 308 1694 348 illicite
1726 309 1945 360 possidere
1979 310 2096 351 dice-

233 375 317 418 batq
357 374 550 413 monebat
583 379 623 412 ct
658 375 880 425 impetebat
914 379 955 414 et
987 376 1122 415 multis
1154 376 1324 415 volebat
1357 374 1543 429 fatigare
1576 376 1788 416 laboribus
1822 380 2097 430 et'expensis

233 466 287 471 ——
323 442 432 494 quod
467 441 732 493 dampnosum
766 443 911 494 vtique
944 444 1064 483 nobIs
1099 448 1140 483 et
1173 444 1357 483 ecclesie
1389 448 1532 483 nostre
1562 442 1725 485 suisset.
1758 458 1832 496 pro
1865 446 1935 484 tali
1968 458 2098 486 causa

231 512 363 550 minus
392 512 505 561 justa
539 522 754 561 expensas
788 509 933 551 facere
967 516 1009 551 et
1040 512 1207 551 labores
1242 535 1297 540 —-
1339 512 1464 554 Unde
1495 524 1573 552 nos
1606 513 1923 553 considerantes
1957 518 1998 554 et
2031 514 2097 554 di-

232 580 435 633 ligentius
469 578 748 618 attendentes.
783 591 859 617 nos
892 580 1080 630 predicta
1112 580 1218 619 Jura
1251 580 1475 620 decimales
1518 585 1559 620 et
1592 580 1773 621 decimas
1811 582 2097 622 theloneorum

232 645 419 699 prefatas
462 647 692 686 obtinuisse
736 646 788 686 de
830 645 940 687 sacto
984 652 1024 688 et
1065 649 1256 688 nolentes
1297 649 1474 688 vlterius
1516 650 1556 688 in
1602 650 1823 688 animarum
1865 654 2097 690 nostrarum

233 716 460 767 periculum
495 715 684 754 detinere
720 739 774 742 —
810 714 972 767 Quippe
1006 729 1095 755 cum
1129 717 1248 755 nobis
1273 717 1402 756 eciam
1427 718 1558 756 minus
1592 718 1706 757 utilia
1738 718 1976 758 extitissent
2007 731 2098 758 cum

232 795 284 824 ea
317 785 408 823 sine
441 783 643 834 adjutorio
691 789 733 822 et
775 783 827 823 de
859 786 1121 835 promocione
1155 785 1380 835 dyocesani
1427 787 1646 837 requirere
1683 786 1804 825 nobis
1837 787 1998 825 omnino
2031 787 2096 826 la-

232 852 440 891 boriosum
483 856 524 891 et
567 850 864 891 infructuosum
897 865 1029 902 ymmo
1071 853 1315 904 inpossibile
1348 855 1571 906 extitisset7
1614 854 1753 893 habito
1787 866 1915 905 super
1946 854 2096 894 huius-

232 920 336 960 modi
372 921 516 959 iurium
550 921 851 959 restitutionem
894 921 933 959 in
968 921 1146 972 capitulo
1180 925 1321 961 nostro
1355 922 1552 973 solempni
1588 926 1764 961 tractatu
1807 926 1848 961 et
1882 922 2096 962 delibera-

232 990 352 1028 cione
372 989 591 1039 prehabita
617 988 825 1042 diligenti7
859 989 1053 1028 concordi
1088 993 1129 1028 et.
1152 990 1331 1028 unanimi
1357 990 1571 1030 voluntate
1594 991 1900 1030 interueniente
1925 992 2097 1030 omnium

233 1061 273 1096 et
307 1057 567 1111 singulorum
602 1061 833 1097 nostrorum
867 1058 1039 1097 consilio
1082 1062 1123 1097 et
1156 1070 1334 1097 assensu
1368 1062 1539 1109 recepta
1572 1070 1699 1110 super
1739 1059 1817 1098 hoc
1850 1060 2098 1098 auctoritate

233 1130 272 1165 et
306 1126 483 1165 licencia
515 1126 775 1165 venerabilis
808 1127 938 1177 patris
973 1126 1120 1165 domini
1154 1127 1283 1165 nostri
1318 1126 1520 1181 Gregorii
1555 1128 1739 1178 episcopi
1773 1131 1815 1167 et
1840 1128 2007 1178 capituli
2032 1128 2097 1167 sui

234 1195 368 1233 tocius
402 1194 640 1248 Pragensis
674 1195 842 1233 obtento
877 1206 1042 1247 quoque
1075 1206 1254 1234 assensu
1287 1194 1554 1234 Serenissimi
1587 1196 1797 1247 principis.
1837 1195 1985 1235 domini
2018 1208 2097 1236 no-

233 1264 308 1301 stri
341 1262 600 1301 XVencezlai
634 1263 775 1316 Regis
809 1263 979 1303 Boemie
1013 1264 1120 1303 sexti
1155 1263 1498 1316 Marchionisque
1530 1264 1738 1317 Morauie7
1773 1265 1841 1316 qui
1869 1265 1965 1316 jura
1994 1263 2097 1305 010-

235 1332 445 1370 mucensis
479 1331 605 1371 Sedis
640 1336 680 1370 et
713 1332 931 1371 Kathedre
973 1332 1090 1372 modo
1124 1332 1340 1383 prehabito
1383 1332 1577 1371 diminuta
1610 1333 1867 1387 reintegrari
1909 1333 2096 1385 cupiens.

232 1403 273 1439 et
307 1399 345 1438 id
380 1401 508 1439 eciam
542 1400 660 1439 nobis
695 1404 735 1439 et
768 1401 891 1439 saluti
926 1405 1068 1440 nostre
1102 1401 1303 1452 expedire
1336 1402 1594 1452 prospiciens
1628 1401 1679 1441 ad
1713 1405 1895 1441 nostram
1929 1402 2093 1440 instan-

233 1469 335 1507 ciam
381 1467 584 1519 prel'atum
633 1469 928 1508 Venerabilem
975 1473 1132 1520 patrem
1179 1469 1379 1508 dominum
1427 1469 1731 1509 Theodericum
1780 1469 2096 1510 olomucensem

233 1538 470 1588 episcopum
505 1549 632 1588 super
675 1537 751 1575 hoc
795 1538 983 1576 inuitauit
1017 1538 1193 1577 sollicite
1235 1542 1276 1577 et
1308 1542 1351 1577 ut
1384 1539 1597 1577 nobiscum
1631 1538 1907 1577 concordaret
1939 1539 2097 1577 amica-

233 1606 370 1645 biliter
404 1607 575 1659 rogauit
610 1629 662 1633 —
699 1607 881 1657 receptis
915 1607 966 1644 ab
1003 1606 1145 1646 eodem
1187 1611 1305 1657 patre
1339 1606 1498 1646 domino
1532 1606 1797 1646 Theoderico
1831 1605 2097 1646 Olomucensi

234 1675 431 1725 episcopo
475 1686 528 1713 ex
571 1673 701 1713 forma
743 1675 1050 1725 compositionis
1091 1675 1344 1727 amicabilis,
1391 1687 1466 1714 suo
1509 1679 1549 1713 et
1591 1675 1772 1714 ecclesie
1810 1686 1886 1713 sue
1919 1675 2095 1715 nomine.

234 1747 397 1782 centum
432 1744 581 1782 marcis
616 1743 703 1794 puri
739 1744 908 1797 argenti
941 1743 1145 1782 Morauici
1182 1743 1389 1794 ponderis.
1433 1755 1537 1794 quas
1571 1743 1674 1782 idem
1710 1744 1931 1794 episcopus
1966 1744 2097 1782 eciam

236 1813 498 1851 vexationem
538 1825 651 1850 suam
696 1811 916 1851 intendens
960 1812 1163 1851 redimere
1202 1816 1243 1851 et
1276 1823 1529 1863 recuperare
1566 1813 1661 1862 j1u·a
1695 1811 1881 1862 predicta
1914 1811 2097 1850 alienata

233 1880 350 1919 modo
398 1881 614 1931 prehabito
658 1885 699 1919 et
742 1881 952 1919 distracta.
1023 1881 1180 1920 Verum
1223 1886 1357 1919 tamen
1400 1892 1425 1919 a
1467 1881 1585 1919 nobis
1628 1881 1734 1919 hona
1777 1878 1855 1918 tide
1897 1890 2098 1930 possessa

234 1950 352 1988 nohis
386 1957 426 1987 et
461 1950 642 1988 ecclesie
676 1953 818 1988 nostre
853 1950 1075 2000 persoluit„
1119 1962 1191 2000 pro
1224 1950 1378 1988 nostris
1412 1949 1624 1987 laboribus
1658 1952 1700 1987 et
1733 1949 1958 1999 expensis7
1993 1959 2098 1998 quas

233 2031 307 2070 pro
342 2018 606 2069 requirendis
641 2022 682 2057 et
716 2018 942 2058 retinendis
977 2018 1175 2069 predictis
1204 2018 1368 2068 juribus
1403 2016 1574 2056 fecimus
1609 2018 1713 2056 bona
1750 2015 1828 2055 lide
1853 2015 1986 2055 eidem
2019 2027 2097 2066 pa-

234 2088 283 2126 tri
320 2087 479 2126 domino
514 2087 593 2125 Th.
630 2087 890 2126 Oloniuccnsi
927 2088 1121 2139 episcopo
1157 2090 1196 2125 et
1231 2087 1485 2138 episcopatui
1521 2098 1570 2124 ac
1604 2086 1693 2125 sedi
1728 2097 1804 2123 sue
1831 2084 2098 2137 restituimus,

234 2157 583 2209 renunciavimus7
619 2157 878 2195 cessavimus
913 2161 953 2195 et
987 2157 1299 2210 resignavimus
1328 2156 1419 2205 jura
1456 2156 1544 2206 ipsa
1571 2155 1764 2193 videlicet
1800 2158 1877 2191 tam
1914 2152 2097 2191 decima-

234 2226 296 2263 les
348 2238 425 2265 sex
470 2226 752 2266 ‹lenarimuiih
799 2237 916 2276 quam
966 2225 1160 2264 decimam
1213 2225 1492 2263 theloneorum
1541 2224 1672 2262 tocius
1716 2221 2095 2261 ,xri-hidiaconatus

235 2295 509 2344 Snoyniensis
553 2300 593 2333 et
637 2295 900 2333 Retoviensis
943 2295 1167 2345 prouincie.
1250 2294 1299 2331 Et
1347 2305 1453 2331 nunc
1496 2297 1641 2331 tenore
1689 2291 1940 2342 presentium
1989 2289 2097 2328 dicto

237 2364 340 2413 patri
376 2367 415 2400 et
451 2363 711 2401 olomucensi
748 2364 942 2414 episcopo
978 2363 1162 2413 predicta
1197 2363 1329 2400 onmia
1364 2362 1676 2402 renum-imnum
1719 2360 1925 2410 cedimusqv
1971 2357 2098 2397 resti-

238 2432 385 2469 tuimus
420 2436 459 2469 et
495 2432 761 2483 resignamus
795 2432 1035 2482 simpliciter
1077 2435 1115 2469 et
1151 2443 1203 2469 ex
1246 2436 1329 2468 toto
1364 2436 1503 2469 nostro
1546 2434 1585 2468 et
1629 2435 1770 2467 nostre
1805 2427 1986 2466 ecclesie
2019 2437 2097 2464 no-

238 2501 364 2538 mine.
413 2512 464 2538 ea
503 2505 701 2550 perpetuo
746 2499 989 2538 refutantes.
1058 2500 1329 2537 Promittimus
1371 2500 1510 2550 itaque
1554 2503 1693 2537 nostro
1733 2502 1769 2535 et
1807 2506 2096 2535 successorum

239 2574 469 2607 nostrorum
506 2569 665 2606 nomine
700 2568 806 2606 dicto
843 2569 959 2619 patri.
994 2581 1068 2606 suo
1103 2574 1141 2607 et
1177 2580 1465 2606 successorinn
1501 2580 1662 2606 suorum
1694 2566 1856 2604 nomine
1889 2562 2098 2614 stipulanti
