2217 2829
1008 158 1110 199 286

125 311 309 339 sororem
342 299 616 338 Katliarinam
652 299 891 350 priorissam
927 303 967 338 et
1001 302 1247 338 conuentum
1281 297 1388 337 celle
1413 302 1559 337 sancte
1582 297 1722 338 Marie
1754 299 1793 337 in
1828 299 1999 339 Brunna

124 369 280 409 ordinis
314 368 622 420 predicatorum
667 371 810 407 nostre
853 367 1049 418 dyocesis
1093 379 1146 407 ex
1189 367 1347 419 altera7
1394 378 1523 419 super
1566 367 1685 420 villa7
1730 379 1812 419 que
1852 368 1999 407 dicitur

126 439 308 477 Diu-(ar.
351 442 391 476 et
434 449 572 476 coram
620 436 800 476 diuersis
842 437 1046 476 iudicibus
1084 442 1262 488 utraque
1305 448 1404 488 pars
1446 434 1596 477 fuisset
1637 441 1821 491 grauata
1863 438 1998 477 multis

125 508 358 547 laboribus.
401 507 632 558 sumptibus
667 510 705 546 et
742 507 943 558 expensis
986 507 1057 545 lite
1091 505 1268 546 nondum
1303 503 1436 558 finita7
1478 505 1671 545 volentes
1704 506 1823 545 ambe
1856 503 1999 558 partes

123 577 173 616 ad
209 576 470 616 concordiam
516 576 741 627 peruenire
775 580 816 616 et
849 577 983 615 uitare
1018 575 1192 627 dampna
1227 575 1399 626 plurima
1433 579 1475 615 et
1508 586 1739 628 expensas7
1781 587 1855 626 pro
1888 576 1997 615 bono

123 647 240 699 pacis
274 650 315 685 et
348 646 499 697 quietis
534 645 632 696 quia
669 657 748 684 non
783 644 904 684 decet
938 656 1088 684 seruos
1123 644 1189 685 dei
1225 645 1408 699 litigare.
1442 644 1565 684 talem
1589 644 1852 684 concordiam
1884 657 1999 684 com-

124 717 374 768 posicionem
409 720 449 754 et
484 715 809 754 transactionem
845 714 896 753 de
930 726 1110 753 assensu
1139 715 1269 753 eciam
1304 718 1344 753 et
1370 714 1584 753 uoluntate
1617 718 1759 754 nostra
1794 712 1999 766 fecerunt7

124 785 321 825 videlicet
356 784 463 836 quod
499 784 610 823 dicte
646 785 845 836 priorissa
881 796 970 822 cum
1004 795 1080 822 suo
1114 788 1322 823 conuentu
1358 783 1490 823 eidem
1525 783 1666 822 abbati
1701 788 1742 823 et
1775 784 1999 823 conuentui

125 868 196 906 pro
231 866 278 893 se
313 859 352 894 et
387 855 476 893 suis
510 854 834 893 successoribus
878 854 917 891 in
951 856 1193 904 perpetuum
1229 852 1434 893 dederunt
1472 856 1513 892 et
1547 852 1807 892 tradiderunt
1840 852 2000 892 medie-

123 929 246 964 tatem
282 925 473 976 pomerii7
517 923 625 975 quod
671 923 827 963 liabent
869 934 998 974 prope
1040 922 1248 961 ciuitatem
1283 923 1543 961 Brunensem
1587 923 1698 961 iuxta
1735 920 1895 961 fluuium
1930 922 1999 974 qui

124 994 273 1033 dicitur
305 993 597 1045 Swarczauia7
634 996 672 1032 et
708 993 826 1031 situm
861 993 972 1031 circa
1007 992 1113 1030 uiam
1145 991 1347 1043 publicam
1381 991 1488 1031 inter
1521 991 1793 1031 molendinum
1829 991 1999 1030 Sibote-

125 1064 201 1116 nis7
237 1068 276 1104 et
311 1062 582 1103 molendinum
621 1062 789 1102 Lutoldi
824 1062 971 1101 ciuium
1007 1061 1059 1101 de
1092 1061 1249 1112 Bruna7
1284 1059 1391 1112 quod
1426 1058 1499 1099 suit
1536 1060 1738 1112 quondam
1772 1059 2000 1113 Swellarij7

124 1133 231 1186 quod
268 1132 481 1185 possident
527 1145 600 1184 pro
643 1132 821 1171 indiuiso
863 1144 952 1170 cum
995 1131 1189 1171 Ecclesia
1234 1134 1275 1169 et
1309 1127 1537 1169 (¹anonicis
1572 1128 1624 1169 de
1658 1127 1901 1179 Chremsyr.
1949 1127 2001 1168 ad

125 1202 356 1242 habendum
391 1207 430 1241 et
464 1201 688 1241 tenendum
725 1200 1019 1252 possidendum
1053 1204 1093 1239 et
1127 1198 1326 1252 quidquid
1366 1199 1444 1238 sibi
1483 1204 1524 1238 et
1556 1200 1646 1238 suis
1679 1198 2000 1238 successoribus

123 1272 322 1324 deinceps
358 1272 564 1323 placuerit
608 1275 810 1323 perpetuo
853 1269 1102 1321 faciendum7
1149 1281 1238 1309 cum
1273 1269 1439 1308 introitu
1484 1273 1526 1308 et
1559 1269 1675 1308 exitu
1708 1280 1783 1307 suo
1817 1271 1859 1307 et
1892 1268 1998 1307 omni

124 1343 213 1381 iure
248 1342 332 1380 vsu'
359 1353 436 1381 sev
472 1342 753 1393 requisicione
789 1339 896 1392 quod
932 1339 1109 1379 haberet
1143 1340 1181 1377 in
1218 1339 1306 1389 ipso
1341 1339 1521 1389 pomerio
1557 1350 1646 1377 cum
1680 1338 1927 1377 accessibus
1960 1340 2001 1376 ct

124 1412 376 1467 egressibus
410 1412 497 1450 suis
541 1422 676 1462 usque
720 1411 758 1448 in
802 1410 907 1448 viam
945 1409 1159 1460 publicam.
1227 1405 1359 1448 Cuius
1399 1409 1708 1459 possessionem
1743 1407 1999 1459 corporalem

124 1480 466 1533 apprehendendi
510 1486 551 1519 et
594 1478 826 1531 accipiendi
869 1479 1117 1517 auctoritate
1161 1478 1325 1529 propria
1366 1477 1521 1517 eisdem
1558 1477 1719 1529 plenam
1754 1480 1795 1516 et
1829 1477 1998 1515 liberam

125 1552 337 1590 licenciam
372 1550 639 1589 contulerunt
673 1550 958 1601 promittentes
993 1547 1126 1587 eidem
1151 1547 1291 1586 abbati
1327 1553 1366 1585 et
1401 1547 1623 1586 conuentui
1659 1558 1731 1597 pro
1765 1557 1814 1584 se
1848 1548 1889 1583 et
1914 1544 2001 1583 suis

125 1620 443 1661 successoribus
478 1619 530 1659 de
567 1619 676 1658 dicto
702 1619 893 1658 Pomerio
928 1617 997 1657 vel
1033 1617 1122 1656 eius
1157 1620 1275 1667 parte
1309 1616 1375 1655 uel
1411 1627 1488 1654 usu
1522 1615 1588 1654 uel
1624 1615 1713 1654 iure
1748 1614 1877 1665 ipsius
1912 1614 2000 1653 eis-

125 1691 215 1730 dem
260 1691 516 1742 questionem
562 1689 627 1728 uel
673 1689 781 1727 litem
824 1688 998 1727 ulterius
1046 1698 1125 1725 non
1174 1684 1331 1725 inferre
1379 1697 1458 1724 non
1512 1682 1704 1723 inserenti
1748 1683 2001 1722 consentire.

129 1762 309 1799 ldcontra
344 1760 439 1798 dicti
483 1759 615 1797 abbas
654 1763 692 1798 et
734 1761 966 1797 conuentus
1009 1755 1164 1795 eisdem
1209 1755 1408 1806 priorisse
1449 1758 1489 1793 et
1531 1753 1752 1792 conuentui
1798 1752 2004 1792 dederunt

126 1835 347 1869 cesserunt
390 1833 429 1868 et
473 1828 773 1867 transtulerunt
827 1838 945 1865 omne
990 1827 1052 1864 ius
1096 1830 1134 1864 et
1178 1825 1380 1863 actionem
1429 1823 1688 1875 personalem
1736 1822 1805 1862 vel
1849 1821 2002 1861 realem

126 1899 379 1951 spiritualem
417 1899 480 1938 uel
517 1897 774 1949 corporalem
811 1895 918 1948 quod
947 1895 1157 1935 habebant
1191 1895 1258 1934 vel
1285 1894 1444 1934 babere
1471 1897 1662 1945 poterant
1696 1893 1733 1931 in
1769 1891 1879 1930 dicta
1902 1890 2000 1929 villa

126 1982 207 2021 que
242 1968 391 2007 dicitnr
423 1968 596 2007 Diwax.
632 1967 929 2005 renum-tantos
964 1976 1172 2016 expresse
1213 1964 1267 2002 liti
1304 1967 1341 2003 et
1380 1963 1528 2002 littori>⁴
1563 1962 1890 2014 quilnlscumque
1925 1960 2001 1997 im-

128 2040 300 2090 petratis
334 2043 373 2077 et
410 2036 678 2088 impetrandis
713 2040 751 2074 et
789 2036 1073 2086 promittentes
1107 2033 1280 2073 eandem
1316 2033 1526 2072 l’riorisse
1561 2035 1601 2071 et
1634 2030 1859 2070 Sororibus
1894 2028 2002 2067 litem

127 2108 192 2147 nel
229 2109 486 2160 questionem
530 2119 658 2158 super
692 2105 798 2144 dicta
838 2105 933 2143 villa
968 2104 1035 2143 uel
1070 2104 1208 2155 aliqua
1249 2107 1367 2155 parte
1401 2103 1492 2141 eius
1526 2101 1591 2140 uel
1636 2101 1724 2138 iure
1758 2099 1888 2150 ipsius
1923 2109 2002 2136 non

128 2176 284 2217 int'erre
320 2190 395 2215 nec
431 2175 650 2215 inl'errenti
686 2175 926 2214 consentire
961 2186 1042 2225 que
1076 2173 1207 2212 omnia
1243 2176 1280 2211 et
1317 2171 1486 2225 singula
1517 2169 1791 2221 promiserunt
1827 2167 2002 2206 inuicem

130 2260 209 2285 rna
246 2260 342 2298 pars
377 2247 493 2285 alteri
540 2244 648 2284 tirma
697 2250 735 2283 et
781 2248 868 2282 rata
910 2243 1067 2282 babere
1110 2247 1149 2281 et
1194 2246 1340 2280 tenere
1383 2245 1423 2279 et
1458 2252 1536 2277 non
1581 2242 1722 2276 contra
1760 2236 1903 2276 facere
1936 2236 2003 2275 uel

129 2318 273 2355 ueilire
308 2317 443 2367 aliqua
482 2316 653 2354 racione
690 2314 755 2352 vel
792 2325 918 2351 causa
955 2312 1006 2351 de
1040 2313 1129 2350 iure
1162 2311 1227 2349 uel
1265 2310 1316 2349 de
1352 2308 1460 2348 t’acto
1501 2312 1542 2347 et
1576 2320 1655 2346 non
1692 2311 1836 2358 petere
1870 2306 2003 2345 bene-

130 2385 258 2425 ficium
293 2386 575 2425 restitucionis
613 2386 650 2423 in
687 2385 897 2437 integrum
933 2393 1011 2421 nec
1045 2381 1186 2419 dicere
1220 2392 1268 2418 se
1295 2379 1509 2429 deceptam
1544 2389 1622 2416 nec
1649 2377 1809 2416 litteras
1842 2375 2004 2427 aliquas

131 2455 181 2492 de
215 2460 357 2494 cetero
401 2456 613 2506 inpetrare
649 2457 790 2492 contra
829 2451 1016 2504 predicta
1049 2451 1115 2489 uel
1151 2449 1316 2501 aliquod
1358 2448 1633 2500 predictorum
1672 2446 1748 2485 sub
1791 2456 1900 2497 pena
1931 2456 2005 2482 ar-

131 2526 249 2574 r«genti
285 2529 446 2563 centnm
483 2536 714 2562 marcarum
751 2523 863 2574 puri„
907 2532 988 2573 que
1023 2520 1184 2558 tociens
1219 2519 1434 2557 comitatur
1469 2521 1509 2556 et
1542 2516 1660 2569 exigi
1697 2515 1850 2567 possit,
1898 2524 2003 2564 quo-

132 2594 246 2632 ciens
281 2600 422 2631 contra
462 2592 611 2632 l'actinn
647 2591 771 2631 suerit.
815 2592 854 2629 in
898 2591 1036 2642 aliquo
1075 2588 1351 2640 predictorum
1396 2591 1437 2625 ct
1476 2584 1706 2625 resectione
1740 2584 2005 2634 dampnorum
