2217 2829
983 139 997 177 1
1011 138 1181 199 Ἁῖᾉ

97 288 160 322 est
195 294 423 321 concessa.
463 288 505 320 et
538 281 576 318 in
613 280 720 319 dicto
756 280 845 319 eius
879 278 1102 331 priuilegio
1137 278 1384 316 continetur.
1449 276 1495 314 ln
1530 275 1647 313 cuius
1681 275 1740 313 rei
1776 275 1963 313 testimo-

97 354 204 391 nium
241 358 462 403 presentes
496 351 655 390 litteras
690 348 798 388 lieri.
842 354 881 387 et
916 347 1070 402 sigillis
1104 346 1344 385 Maiestatis
1379 350 1521 384 nostre
1555 344 1748 383 iussimus
1783 356 1963 382 eommu-

98 423 188 461 niri.
254 421 403 459 Datum
446 421 639 459 Brunne.
681 431 756 470 per
798 430 942 456 manus
985 416 1242 456 venerabilis
1280 416 1417 455 Petri.
1465 414 1714 453 Basiliensis
1754 413 1964 464 Episcopi.

98 489 488 543 u'issegradensis
521 489 752 540 Prepositi.
797 487 1025 540 Regnique
1058 486 1227 524 Boemie
1262 483 1538 524 Cant-ellarii.
1590 483 1792 534 Principis
1835 482 1962 521 nostri

99 559 253 599 dilecti.
318 559 442 597 Anno
490 557 637 596 domini
681 557 903 596 Millesimo
945 555 1263 595 Trecentesimo
1307 554 1457 592 Primo.
1533 553 1585 591 V.
1619 552 1766 591 Nonas
1808 552 1963 590 Martii.

99 627 417 678 Quartadeeima
453 626 696 665 Indictione.
763 625 904 678 Regni
940 625 1069 663 nostri
1104 624 1272 663 Boemie
1306 624 1429 662 Anno
1464 622 1636 671 Quarto.

411 727 461 758 Ex
488 727 638 767 originali
665 727 694 757 iu
720 725 857 757 archivo
882 725 1032 767 ejusdem
1054 726 1211 756 civitatis.

965 874 1101 914 ΓΧΧ.

103 990 407 1031 Theodericus.
451 991 673 1042 episeopus
706 989 1023 1032 olnam-ensis,
1066 987 1228 1041 sunda!
1263 989 1430 1026 ucis-‘mm
1467 990 1679 1025 maturam
1715 987 1756 1024 ἰη
1792 986 1970 1026 ecclesi«

230 1060 461 1112 episcopali
494 1059 717 1099 (Notum-ii.
786 1059 883 1097 mo.
919 1059 960 1096 1⁸11
997 1057 1177 1097 momm-
1213 1057 1294 1096 ΙΙΙ.
1330 1057 1444 1095 Nou.
1479 1056 1652 1108 Aprilis.
1693 1054 1834 1094 1301.

256 1169 555 1219 Theodorieus
599 1180 662 1219 dei
698 1180 845 1233 gracia
889 1180 1111 1231 episeopus
1150 1178 1374 1217 Budislaus
1418 1177 1603 1217 decanus
1639 1175 1779 1227 Cyrus
1814 1189 1969 1229 prepo-

102 1250 208 1289 situs
259 1249 501 1289 Friderieus
548 1249 864 1288 archidiaconus
919 1253 1128 1300 totumque
1176 1248 1394 1298 eapitulum
1450 1246 1738 1286 Olomueensis
1787 1247 1969 1286 ecclesie

102 1325 237 1358 notum
273 1317 443 1357 t'aeimus
479 1320 688 1358 vniuersis
723 1323 800 1357 tam
838 1318 1103 1369 presentibus
1142 1330 1260 1369 quam
1296 1315 1458 1355 futuris.
1502 1316 1610 1368 quod
1647 1316 1698 1355 ad
1733 1317 1969 1355 instantiam

103 1394 141 1427 et
178 1389 419 1440 petieionem
456 1388 593 1427 dilecti
628 1386 769 1426 fratris
803 1388 993 1441 magistri
1028 1386 1232 1425 Bernberi
1267 1387 1430 1437 plebani
1467 1386 1519 1425 de
1555 1386 1798 1425 Ruebowan
1838 1398 1969 1425 (eano-

102 1458 182 1496 niei
218 1458 345 1496 nostri
381 1458 597 1495 statuimus
632 1456 683 1495 de
718 1457 895 1495 vnanimi
931 1457 1102 1496 consilio
1138 1463 1175 1495 et
1211 1456 1447 1495 ordinamus
1482 1455 1587 1507 quod
1624 1455 1780 1493 abbae
1813 1455 1881 1494 die
1915 1455 1967 1495 de

103 1531 244 1566 eetero
288 1538 452 1577 semper
500 1526 565 1564 illa
608 1527 731 1565 missa
774 1527 896 1565 beate
938 1527 1120 1581 virginis
1154 1526 1292 1565 Marie
1334 1537 1414 1577 que
1458 1526 1571 1576 prius
1615 1526 1651 1563 in
1697 1525 1877 1564 eeclesia

104 1596 330 1650 legebatur
363 1596 535 1647 amplius
569 1597 607 1635 in
643 1595 838 1635 olomuez
874 1603 1013 1635 nostra
1049 1595 1229 1635 eeclesia
1274 1607 1361 1633 eum
1397 1600 1489 1634 nota
1527 1607 1601 1645 per
1635 1593 1968 1633 ebdomadarium

104 1677 179 1704 seu
214 1666 410 1704 vicarium
447 1665 594 1705 debeat
631 1666 736 1704 omni
770 1677 888 1704 mane
922 1665 1194 1716 sollenpniter
1228 1664 1436 1703 celebrari
1482 1677 1553 1714 pro
1598 1675 1646 1702 eo
1690 1663 1795 1702 idem
1830 1665 1969 1716 magi-

105 1738 192 1772 ster
226 1734 467 1773 Bernberus
500 1734 550 1773 ad
588 1734 779 1773 bonorem
816 1735 938 1773 beate
982 1735 1163 1788 virginis
1197 1735 1334 1773 Marie
1379 1739 1416 1772 et
1453 1746 1580 1772 eausa
1626 1734 1791 1784 proprie
1824 1733 1971 1771 salutis

106 1814 154 1840 ae
189 1803 316 1841 eeiam
353 1804 519 1841 racione
554 1801 715 1854 prefate
749 1804 872 1843 misse
907 1804 957 1842 ob
985 1804 1259 1843 reuerentiam
1296 1804 1425 1854 ipsius
1460 1803 1620 1841 domine
1646 1807 1787 1841 nostre
1821 1803 1860 1840 in
1896 1814 1971 1840 ee-

106 1871 231 1910 clesia
270 1877 469 1922 perpetue
505 1872 694 1911 habende
729 1872 897 1911 duarum
933 1884 1160 1911 marearum
1192 1878 1231 1911 et
1257 1872 1388 1912 medie
1424 1872 1608 1911 redditus
1643 1873 1680 1910 in
1709 1872 1836 1925 longa
1873 1872 1969 1910 villa

107 1940 410 1979 ebdomadariis
445 1947 645 1992 perpetue
679 1943 927 1992 comparauit
965 1954 1110 1993 penam
1146 1943 1245 1993 ipsis
1280 1943 1602 1996 negligentibus
1645 1942 1808 1979 missam
1845 1942 1970 1991 ipsam

107 2008 347 2063 infligendo.
396 2022 476 2061 que
519 2012 708 2061 sequitur
751 2016 787 2049 et
835 2012 1212 2049 remuneraeionem
1259 2012 1521 2050 cantantibus
1571 2011 1742 2049 eandem
1787 2010 1972 2048 similiter

107 2078 328 2133 largiendo
364 2079 556 2117 videlieet
593 2081 829 2131 ‹piirunque
864 2080 1180 2118 ebdomadarius
1215 2081 1320 2119 illam
1357 2082 1596 2134 neglexerit
1634 2080 1774 2119 dicere
1808 2081 1971 2118 missam

107 2148 183 2185 nisi
220 2160 293 2199 per
325 2148 444 2187 alium
480 2149 731 2199 suppleuerit
779 2151 894 2188 vires
936 2162 1034 2187 suas
1079 2150 1142 2188 illa
1189 2154 1269 2189 tota
1315 2152 1542 2201 septimana
1589 2151 1675 2188 suis
1712 2149 1885 2200 panibus
1920 2150 1970 2186 sit

109 2218 292 2268 priuatus
326 2222 365 2257 et
399 2219 432 2255 si
469 2218 794 2257 obedientiarius
829 2219 1011 2258 errlesie
1047 2219 1148 2257 vltra
1187 2219 1263 2257 bor
1298 2220 1399 2258 dare
1427 2220 1721 2270 presinupserit
1759 2220 1795 2256 ei
1828 2230 1971 2268 panes.

110 2287 388 2337 personaliter
430 2288 650 2325 cottidiana
696 2288 983 2326 distributione
1026 2295 1190 2326 eareat.
1239 2295 1276 2327 et
1322 2290 1387 2327 illa
1432 2296 1512 2327 tota
1559 2289 1784 2339 septimana
1830 2286 1972 2326 eadem

108 2356 158 2393 sit
194 2356 391 2406 priuatus.
456 2356 501 2394 si
537 2361 670 2395 autem
706 2357 1023 2396 ebdomadarius
1065 2359 1240 2396 tenuerit
1286 2364 1323 2396 et
1370 2359 1602 2396 eantmterit
1648 2359 1773 2408 ipsam
1810 2357 1972 2394 missam

108 2425 227 2463 sicuti
263 2431 325 2463 est
361 2431 554 2463 statutum
591 2425 693 2464 duos
727 2438 906 2479 grossos
942 2440 1013 2477 pro
1050 2428 1259 2465 laboribus
1294 2428 1383 2465 eius
1418 2440 1492 2478 per
1519 2428 1784 2478 septimanam
1821 2431 1857 2464 et
1895 2426 1973 2463 illis

109 2494 175 2545 qui
212 2494 340 2544 ipsum
378 2495 551 2533 iuuerint
588 2508 709 2533 vnum
744 2507 940 2548 grossum
971 2496 1022 2535 de
1058 2497 1326 2547 prouentibus
1372 2496 1501 2549 longe
1537 2496 1634 2533 ville
1659 2496 1853 2546 superius
1888 2506 1975 2533 me-

108 2568 264 2601 morate
308 2571 506 2614 perpetue
554 2564 801 2603 ordinamus.
879 2565 995 2613 Quod
1040 2573 1172 2603 autem
1223 2567 1352 2603 ‹nnnia
1398 2566 1598 2616 premissa
1650 2570 1727 2603 tam
1776 2565 1971 2603 eeclesie.
