2217 2829
1067 108 1169 148 228

189 244 436 284 Dubraunik
473 244 714 283 contulimus
756 245 1005 283 monasterio
1047 243 1271 284 earundem
1313 243 1561 284 dominarum
1602 246 1681 284 iam
1721 247 1925 287 nominato
1965 260 2039 299 pro

190 312 369 352 remedio
403 313 535 351 anime
568 310 701 351 felicis
734 312 925 351 memorie
957 312 1086 363 patris
1119 313 1249 351 nostri
1291 316 1333 351 et
1364 324 1439 363 pro
1471 316 1613 353 nostra
1645 314 1794 366 salute7
1837 314 2040 365 quandam

191 381 326 419 villam
359 381 521 419 nomine
554 378 674 418 Sess.
709 391 799 418 cum
831 380 918 418 suis
951 379 1208 430 appendiciis
1236 381 1331 430 jure
1355 379 1607 420 hereditario
1632 381 1916 433 inperpetuum
1938 394 2040 433 pos-

190 447 415 488 sidendam.
451 459 569 498 quam
599 448 728 486 eciam
760 445 933 487 fecimus
966 448 1093 487 certis
1126 447 1317 486 limitibus
1350 451 1430 487 tam
1463 460 1488 486 a
1511 449 1665 487 nostris
1698 460 1817 500 quam
1849 449 1902 489 ab
1934 450 2041 489 alio-

191 528 277 555 rum
313 515 648 566 possessionibus
683 514 892 566 distinqui.
934 526 987 554 ne
1020 516 1271 566 inposterum
1312 515 1451 567 aliqua
1489 516 1584 555 inde
1617 517 1887 567 superueniat
1919 516 2041 556 dubi-

190 585 319 634 taci03
353 584 463 623 unde
496 582 698 634 prefatum
731 584 1019 622 monasterium
1052 586 1196 634 posset
1227 584 1402 636 grauari
1440 587 1482 623 et
1513 584 1746 635 inquietari.
1811 581 2041 624 Confirma-

191 665 277 691 mus
310 653 438 691 eciam
472 655 614 690 nostra
646 654 852 702 potestate
885 661 1026 689 omnes
1059 651 1351 701 possessiones
1385 663 1474 690 cum
1507 652 1593 691 suis
1621 651 1877 703 appendiciis
1910 651 2043 692 eidem

190 721 439 760 monasterio
482 719 676 771 collatas7
727 722 806 757 tam
847 730 922 768 per
963 716 1222 758 fundatorem
1262 719 1392 769 ipsius
1434 721 1500 770 pie
1541 720 1733 759 memorie
1773 718 2043 773 Stephanum,

192 800 310 839 quam
344 799 419 838 per
451 787 555 825 alios
590 787 834 837 quicumque
867 787 949 825 sint
980 786 1048 825 uel
1082 786 1332 837 quibuslibet
1364 787 1592 826 nominibus
1625 791 1889 827 censeantur.
1952 787 2043 827 No-

192 857 296 895 mina
330 860 464 894 autem
498 855 807 906 possessionum
841 858 936 892 sunt
968 853 1058 892 hec.
1122 854 1307 892 Manow.
1359 854 1551 895 Cloe-och.
1604 857 1763 895 Rae-or.
1810 855 2042 895 Borihnev.

192 928 231 963 et
265 925 398 962 omnia
431 923 595 961 noualia
638 934 718 973 que
760 926 855 960 sunt
896 922 965 960 illa
999 925 1117 972 parte
1156 933 1265 972 aque
1306 934 1439 973 usque
1480 923 1533 961 ad
1570 924 1764 962 terminos
1797 923 2044 963 Thassonis.

193 991 378 1031 Pornich
415 1002 533 1042 quam
566 989 799 1029 Semislaus
839 1002 977 1029 comes
1020 1002 1092 1040 pro
1127 989 1307 1028 remedio
1348 990 1481 1029 anime
1522 989 1602 1029 filie
1642 1002 1719 1030 sue
1752 991 1933 1030 contulit.
1996 991 2045 1030 In

192 1059 372 1099 hadvis-h
407 1059 459 1097 ad
492 1071 613 1097 unum
647 1063 826 1097 aratrum
872 1058 923 1097 de
955 1062 1081 1097 terra.
1145 1057 1192 1095 In
1234 1057 1394 1096 brunna
1436 1057 1590 1097 domum
1633 1062 1674 1098 et
1706 1063 1793 1097 tres
1825 1059 1971 1098 uineas
2004 1062 2046 1098 et

192 1140 312 1167 unum
357 1138 519 1181 agrum.
583 1127 662 1165 Jus
705 1130 945 1177 patronatus
988 1126 1169 1165 ecclesie
1208 1125 1260 1165 (le
1306 1125 1470 1165 medlor
1516 1138 1606 1165 cum
1647 1127 1734 1165 suis
1776 1126 2045 1177 appendiciis.

192 1196 271 1235 Jus
314 1196 494 1234 ecclesie
537 1194 587 1233 de
629 1193 786 1234 cador.
833 1194 1016 1233 ecclesie
1058 1193 1109 1233 de
1149 1194 1421 1233 relessouiclz.
1469 1194 1650 1234 ecclesie
1688 1194 1739 1234 de
1773 1193 2045 1233 Neleludiclt.

194 1265 373 1303 ecclesie
407 1263 458 1301 de
491 1263 717 1303 Coc-hermu
765 1263 946 1302 ecclesie
984 1262 1036 1301 de
1069 1261 1329 1301 Dubraunik
1362 1267 1403 1301 et
1435 1263 1607 1302 omnium
1640 1263 1924 1315 ecclesiarum7
1966 1273 2047 1314 que

194 1335 233 1370 in
276 1331 419 1371 eodem
461 1332 633 1370 circuitu
676 1335 771 1369 sunt
808 1330 994 1369 locande.
1058 1330 1317 1381 Appendicia
1360 1334 1493 1370 autem
1532 1343 1728 1370 uocamus
1771 1330 1965 1382 quicquid
2006 1331 2047 1370 in

194 1401 310 1439 siluis
344 1401 382 1438 in
418 1400 545 1450 pratis
579 1400 617 1437 in
653 1399 832 1450 pascuis.
876 1400 915 1437 in
950 1400 1183 1449 piscaturis.
1231 1402 1272 1437 et
1304 1399 1395 1438 aliis
1429 1411 1510 1451 que
1543 1400 1705 1438 utilitati
1739 1399 1910 1438 claustri
1943 1410 2045 1437 con-

194 1469 375 1506 ueniunt.
411 1467 668 1506 condecebat
702 1468 806 1506 enim
840 1471 882 1505 ut
916 1466 1076 1505 domine
1110 1478 1191 1518 que
1223 1468 1411 1506 seruiunt
1445 1467 1604 1506 domino
1638 1468 1678 1505 in
1708 1478 1809 1517 sepe
1842 1467 2046 1505 nominato

195 1537 442 1575 monasterio
478 1548 526 1575 eo
562 1535 667 1586 quod
702 1536 779 1573 sibi
822 1546 901 1573 non
938 1535 1098 1586 possint
1130 1535 1181 1574 ob
1210 1546 1340 1574 sexus
1374 1534 1643 1588 fragilitatem
1685 1535 1793 1574 bene
1826 1533 2047 1585 prouidere

193 1605 458 1656 amplioribus
490 1602 703 1643 beneficiis
736 1607 1033 1643 sustententur.
1076 1607 1119 1641 ut
1151 1602 1350 1642 conditori
1384 1615 1458 1642 suo
1493 1604 1652 1654 possint
1692 1603 1862 1642 liberius
1896 1601 2046 1641 deser-

196 1675 296 1712 uire.
362 1673 633 1711 Decreuimus
667 1673 786 1711 etiam
821 1669 969 1722 prefati
1003 1672 1238 1710 monasterii
1276 1683 1416 1710 omnes
1450 1672 1742 1722 possessiones
1774 1671 1852 1708 iam
1884 1669 2048 1708 habitas

195 1746 235 1780 et
269 1741 484 1780 habendas
517 1741 556 1778 in
582 1739 773 1779 Morauia
797 1740 1041 1778 constitutas
1074 1740 1125 1778 ab
1151 1740 1256 1779 omni
1289 1750 1454 1793 genere
1478 1740 1731 1778 tributorum.
1765 1738 2047 1791 uectigalium.

196 1807 498 1861 Collectarum7
541 1809 793 1859 aliarumque
835 1809 1007 1846 omnium
1041 1808 1301 1847 exactionum
1343 1819 1440 1847 esse
1482 1808 1694 1846 absolutas
1736 1806 1964 1846 adicientes
2006 1809 2050 1844 ut

196 1878 332 1916 mullus
375 1889 447 1928 pro
494 1881 720 1915 castrorum
759 1874 1037 1915 edificacione.
1087 1877 1178 1916 siue
1224 1889 1296 1927 pro
1339 1877 1473 1928 aliqua
1523 1877 1735 1930 ingruenti
1778 1874 2048 1926 expedicione

197 1946 380 1985 homines
413 1945 648 1984 monasterii
683 1944 835 1983 audeat
869 1945 1113 1996 inquietare.
1178 1945 1258 1983 Jus
1292 1944 1399 1997 quod
1434 1945 1554 1983 datur
1588 1956 1660 1995 pro
1684 1944 1819 1994 capite
1852 1944 1942 1982 siue
1976 1954 2048 1993 pro

197 2013 288 2052 fure
322 2014 388 2053 uel
423 2013 537 2052 swod
574 2014 744 2064 principi
779 2014 870 2051 siue
904 2013 993 2051 eius
1027 2012 1338 2052 inbeneficiatis.
1386 2014 1634 2052 monasterio
1668 2023 1769 2063 sepe
1803 2011 1911 2049 dicto
1945 2022 2048 2049 con-

198 2083 400 2120 cessiinus
434 2085 634 2133 perpetuo
668 2080 943 2120 obtinendum.
979 2081 1055 2120 boc
1088 2084 1321 2120 statuentes
1355 2081 1406 2120 de
1440 2079 1531 2119 fure
1564 2082 1599 2118 si
1633 2081 1673 2118 in
1697 2077 1893 2118 maleficio
1927 2077 2051 2118 suerit

199 2149 488 2200 deprehensus
522 2162 692 2188 manens
735 2150 773 2187 in
813 2149 965 2200 prediis
1008 2150 1256 2188 monasterii.
1303 2150 1394 2187 siue
1436 2149 1622 2199 caplatur
1664 2152 1705 2187 et
1746 2159 1882 2187 coram
1914 2147 2050 2186 iudice

200 2219 481 2269 conuincatur7
529 2221 733 2269 quatenus
776 2218 866 2256 eius
899 2217 1006 2256 bona
1039 2219 1285 2256 monasterio
1324 2220 1574 2255 remaneant.
1618 2217 1707 2267 ipse
1751 2227 1852 2255 vero
1893 2226 2048 2255 secun-

201 2285 290 2323 dum
325 2286 432 2336 quod
466 2286 666 2337 placuerit
698 2286 867 2336 principi
893 2286 1096 2335 puniatur.
1143 2284 1188 2324 Si
1215 2296 1315 2324 uero
1349 2285 1532 2324 homines
1565 2286 1800 2324 monasterii
1840 2286 1877 2323 in
1911 2285 2050 2336 aliquo

201 2366 334 2392 coram
370 2354 516 2392 iudicio
550 2354 779 2404 culpabiles
812 2354 1085 2391 inueniantur.
1124 2365 1201 2391 nec
1227 2353 1344 2391 nobis
1370 2364 1447 2392 nec
1480 2353 1681 2391 iudicibus
1712 2353 1776 2392 uel
1812 2353 2049 2392 curialibus.

202 2432 275 2459 seu
311 2420 608 2461 inbeneficiatis
641 2421 790 2472 aliquid
827 2420 921 2459 inde
946 2422 1160 2471 proueniat
1184 2421 1381 2459 utilitatis.
1416 2421 1490 2460 sed
1525 2425 1622 2472 aput
1651 2422 1939 2460 monasterium
1972 2420 2050 2458 nisi

205 2488 243 2524 in
278 2500 356 2538 quo
389 2494 553 2528 tenetur
586 2489 827 2528 aduersario
870 2487 1130 2527 satisfacere.
1173 2489 1292 2539 culpe
1330 2488 1559 2528 satisfactio
1594 2494 1850 2540 perseueret.
1916 2485 2046 2527 Cete-
