2217 2829
175 291 320 331 Nonas
353 291 481 343 Junij.
516 290 784 343 presentibus
817 289 921 341 istis.
956 300 1126 340 quorum
1154 288 1313 326 nomina
1340 288 1672 327 subscribuntur.
1708 286 1902 328 Conrado
1937 289 2044 329 dicto

175 360 412 401 Murcerio.
456 359 592 399 iudice
625 360 828 399 ciuitatis.
872 356 1069 398 Cunrado
1104 357 1155 396 de
1191 357 1322 409 Vitis.
1356 357 1501 397 Vlrico
1537 357 1588 396 de
1621 358 1864 408 Myrzlaus.
1908 359 2044 398 Pere-

175 431 315 485 grino.
348 430 533 469 Henrieo
568 427 964 469 Czeehenmaister.
999 425 1193 467 Conrado
1229 426 1279 465 de
1317 427 1525 480 Yglauia.
1561 427 1775 466 l’almaro.
1810 428 1957 467 Vlrieo
1993 428 2045 467 de

174 499 398 539 XVirseha.
433 499 627 551 Rasslao.
663 499 807 537 iuratis
842 522 897 526 —-
933 497 1121 536 Fridrico
1155 495 1358 548 quondam
1393 496 1541 536 iudice.
1583 497 1820 536 Hermanno
1857 498 2046 536 institere

176 549 409 621 Rapotone.
445 566 641 608 Conrado
676 566 875 606 fratribus
909 564 1170 605 carnificibus
1206 570 1244 604 et
1279 565 1371 604 aliis
1405 577 1524 617 quam
1561 566 1760 617 pluribus.

487 667 538 699 Ex
563 667 759 709 apographo
790 676 882 698 saec.
907 666 1016 697 xvll.
1043 667 1072 696 in
1103 665 1304 697 bibliotheca
1336 666 1503 697 ecclesiae
1534 677 1560 697 s.
1583 666 1711 698 Nicolai
1735 666 1922 709 Znoyinae.

989 838 1234 878 Lxxvul.

330 949 641 1016 Fragmentum
674 961 845 1001 chartae
880 962 1042 1000 unionis
1077 966 1119 1001 et
1151 965 1354 1001 tractatus
1382 962 1639 1001 Wenceslai
1664 962 1890 1002 Bohemiae
1923 964 2045 1017 regis

175 1043 266 1071 cum
299 1031 486 1084 Nicolao.
521 1031 626 1071 duce
660 1030 902 1082 Opaviensi.
967 1030 1117 1071 Datum
1151 1043 1258 1070 anno
1298 1030 1446 1071 1286.

488 1139 658 1171 Bodmann
684 1139 758 1171 cod.
784 1141 881 1182 epist.
906 1140 1074 1182 Rudolphi
1102 1140 1128 1171 1.
1154 1150 1185 1181 p.
1206 1139 1294 1171 281.
1319 1159 1360 1162 —-
1396 1141 1457 1171 cfr.
1484 1140 1611 1172 codicis
1635 1141 1874 1183 regiomontani
1899 1141 1961 1172 No.
1987 1139 2035 1172 65

593 1202 651 1234 pro
676 1191 799 1223 Museo
825 1192 1004 1224 Hohemico
1029 1192 1203 1234 descripti.

1007 1369 1208 1408 Lxxlx.

176 1480 480 1531 Indulqenliae
522 1494 547 1519 a
590 1481 790 1532 pluribus
835 1483 1042 1534 episcopis
1084 1482 1286 1522 eeclesiae
1333 1483 1571 1523 cathedrali
1607 1484 1885 1524 olomucensi
1929 1485 2045 1525 elar-

542 1551 737 1601 ‚qizmlmu
803 1552 903 1590 Dm.
939 1553 1103 1592 Romae
1145 1552 1217 1592 ΓΙ.
1254 1553 1355 1592 Kal.
1389 1554 1502 1605 Jlaje·
1537 1553 1679 1593 1286.

329 1658 564 1711 Vniuersis
599 1670 757 1712 Christi
791 1670 980 1712 fidelibus
1023 1678 1244 1725 presentes
1286 1675 1446 1715 litteras
1486 1677 1759 1727 inspecturis.
1797 1677 2045 1727 Roynaldus

176 1741 440 1780 miseratione
474 1740 611 1780 diuina
645 1743 929 1782 messanensis
962 1743 1317 1796 archiepiscopus.
1383 1744 1710 1784 v§Valdebrunus
1752 1746 2038 1786 auellonensis

176 1814 218 1850 et
249 1810 568 1864 glauinicensis.
633 1811 842 1851 llenrieus
876 1824 1074 1852 saxenaS.
1140 1813 1322 1853 Thomas
1355 1815 1625 1864 ytinerensis.
1681 1815 1938 1855 Benedictus
1972 1817 2038 1855 bi-

175 1880 386 1919 satiensis.
451 1879 633 1933 Egidius
667 1881 988 1931 tui-tybumnsis.
1055 1883 1206 1922 Petrus
1240 1883 1542 1937 wibergensis.
1610 1884 1822 1924 Perronus
1856 1885 2044 1925 larinen-

176 1949 247 1988 sis.
313 1949 557 1988 Bernardus
591 1950 837 1989 uizentinus.
894 1951 1105 1990 Romanus
1140 1953 1370 1992 erohensis.
1426 1953 1517 1993 Leo
1552 1954 1898 1994 chalamonensis.
1953 1956 2040 1994 Ro-

175 2030 319 2057 manus
353 2016 545 2057 alifanus.
595 2018 845 2059 Leotherius
880 2021 1118 2059 uernlanus.
1163 2026 1203 2060 et
1238 2022 1552 2062 Bartholoineus
1587 2024 1824 2062 ameliensis
1860 2025 2042 2076 episcopi

176 2087 350 2128 salutem
384 2089 423 2126 in
459 2087 631 2127 domino.
696 2088 813 2127 Licet
858 2090 892 2127 is
927 2089 978 2129 de
1012 2091 1129 2129 euius
1164 2103 1332 2131 munere
1366 2094 1495 2131 uenit.
1539 2099 1579 2131 nt
1615 2093 1692 2131 sibi
1726 2104 1749 2131 a
1785 2094 1872 2132 suis
1906 2092 2040 2133 tideli-

175 2157 254 2195 bus
296 2156 427 2211 digne
469 2170 518 2196 at·
560 2157 822 2197 laudabiliter
860 2160 1089 2198 seruiatur.
1139 2159 1190 2199 de
1233 2160 1521 2200 habundancia
1569 2163 1734 2213 pietatis
1778 2175 1853 2201 sue
1896 2164 2038 2203 merita

176 2226 403 2277 supplicum
438 2226 674 2267 excedens.
710 2234 749 2267 et
783 2235 896 2280 uota.
934 2229 1039 2268 bene
1073 2230 1353 2269 seruientibus
1387 2232 1508 2269 multo
1544 2232 1696 2270 maiora
1730 2232 1884 2271 tribnat
1918 2244 2036 2284 quam

175 2295 342 2334 ualeant
378 2298 615 2346 promereri.
664 2297 955 2337 desiderantes
997 2305 1130 2337 tamen
1167 2298 1344 2339 reddere
1380 2300 1539 2340 domino
1577 2301 1764 2352 populum
1799 2302 2043 2353 acceptabi-

176 2364 273 2403 lem.
316 2363 460 2404 tideles
494 2363 649 2405 Christi
693 2365 745 2404 ad
780 2368 1113 2419 complacendum
1148 2370 1183 2407 ei
1220 2370 1339 2420 quasi
1375 2369 1620 2421 quibusdam
1656 2371 1861 2410 allectitiis
1894 2382 2041 2410 mune-

177 2433 304 2472 ribus.
340 2433 613 2488 indulgentiis
645 2435 841 2476 uidelicet
874 2440 914 2476 et
940 2438 1251 2477 remissionibus
1286 2439 1517 2477 inuitamus.
1552 2444 1593 2478 ut
1629 2439 1783 2479 exinde
1818 2440 2046 2479 reddantur

178 2502 317 2541 diuine
349 2505 491 2556 gratie
524 2504 720 2555 aptiores.
787 2503 1016 2557 Cupientes
1051 2508 1181 2561 igitur
1215 2512 1254 2546 ut
1291 2508 1473 2547 ecelesia
1499 2508 1753 2547 cathedralis
1780 2509 2041 2549 (nomm-en-

176 2573 234 2611 sis
266 2573 468 2625 congruis
504 2573 728 2612 honoribus
753 2573 1056 2627 frequentetur.
1092 2577 1277 2615 omnibus
1312 2589 1414 2615 uere
1450 2579 1730 2628 penitentibus
1766 2587 1803 2617 et
1835 2577 2044 2617 confessis

1515 2652 1543 2690 3
1551 2652 1579 2690 (i
1598 2650 1628 2678 ‘⁴⁶⁴²
