2217 2829
1007 149 1074 189 89

113 287 399 341 Nonagesimo
434 286 607 327 Octavo.
662 287 716 326 V.
751 286 850 326 Idus
882 287 1040 339 Aprilis
1083 287 1309 328 Undecime
1347 287 1609 327 Indiccionis.
1663 287 1809 341 Regni
1841 288 1973 327 nostri

113 366 222 395 anno
255 355 404 395 PrImo.

422 462 452 494 E
476 463 657 495 monastico
681 461 758 495 MS.
791 464 824 494 in
848 467 932 494 tomo
958 472 1029 495 cum
1059 464 1274 504 inscriptione
1299 463 1566 505 „cistercienses
1591 462 1793 494 Monialos‘·'.
1828 473 1859 504 p.
1886 462 1972 495 110.

526 514 654 546 archivi
678 514 943 556 Rayhradensis.

921 669 1169 709 LXXXIX.

112 777 363 831 Capitulum
417 779 736 819 Bole.s·lcu·2·ense
789 781 976 831 resiynat
1030 781 1223 832 epis-copo
1278 780 1553 820 olomucensi
1603 780 1800 819 denarios
1853 780 1971 820 deci-

172 846 305 886 males
337 848 382 886 in
415 847 611 886 districtu
644 848 919 900 Znoymensi.
984 849 1084 888 Dto.
1119 849 1390 888 Boleslariae
1422 850 1467 888 in
1498 849 1642 899 Υξᾳίῖὶα
1674 847 1723 889 S.
1757 849 1909 888 ,Marcel

966 916 1113 956 1298.

268 1022 369 1074 Nos
402 1035 606 1088 magister
637 1035 892 1075 Pardussius
926 1035 1064 1075 diuina
1098 1037 1370 1088 permissione
1403 1035 1639 1087 prepositus
1674 1059 1728 1063 —
1762 1035 1972 1075 Martinus

113 1103 310 1143 decanus.
375 1103 546 1142 Vll-icus
580 1101 748 1142 Custos.
811 1103 1009 1143 Nicolaus
1042 1104 1302 1144 Scolasticus
1344 1107 1553 1155 totumque
1591 1104 1809 1155 capitulum
1841 1104 1971 1144 Bole-

112 1171 337 1211 slaviensis
372 1171 554 1211 ecclesie
586 1172 814 1225 pragensis
849 1172 1056 1222 dyocesis.
1120 1170 1445 1211 Notumfacimus
1477 1172 1716 1211 vuniuersis
1749 1176 1971 1223 presentes

111 1239 256 1278 literas
290 1240 552 1289 inspecturis.
625 1238 743 1287 Quod
777 1252 865 1279 cun]
900 1252 953 1280 ex
987 1241 1154 1292 antiquo
1188 1244 1371 1291 tempore
1410 1241 1450 1278 in
1483 1240 1670 1291 partibus
1702 1240 1896 1280 Morauie
1929 1242 1970 1279 in

111 1306 448 1346 archidiaconatu
481 1306 731 1357 Snoymensi
774 1312 815 1347 et
846 1309 1090 1348 Betoviensi
1125 1309 1338 1359 prouincia
1379 1312 1420 1348 et
1460 1320 1536 1359 per
1577 1312 1702 1347 totum
1744 1309 1970 1348 districtum

111 1376 406 1426 optinuerimus
440 1375 614 1426 quedam
643 1377 737 1426 jiu·a
772 1377 1023 1427 episcopalia
1064 1377 1116 1415 ad
1151 1376 1431 1426 dyocesanum
1473 1377 1734 1427 pertinentia.
1778 1378 1885 1416 sicut
1918 1377 1970 1417 de

111 1455 190 1483 sex
223 1443 405 1482 denariis
440 1442 491 1482 de
524 1444 644 1483 laneo
679 1456 759 1483 vno
794 1456 958 1496 quoque
1001 1446 1191 1499 reglonis
1224 1445 1412 1496 predicte
1444 1445 1746 1498 percipIendis,
1790 1446 1858 1497 qui
1892 1445 1970 1485 de-

110 1511 215 1550 narii
247 1510 369 1549 hodie
403 1510 623 1550 decimales
668 1512 859 1551 dicuntur
899 1512 973 1552 sed
1008 1513 1256 1553 Vomerales
1298 1514 1484 1564 primims
1521 1513 1794 1552 vocabantur.
1843 1518 1883 1553 et
1917 1514 1969 1553 de

111 1578 266 1618 decimo
300 1578 450 1617 tributo
484 1580 574 1619 siue
607 1580 798 1620 theloneo
829 1579 1062 1620 Ciuitatum.
1107 1582 1285 1633 pontium
1319 1593 1395 1621 seu
1429 1593 1766 1633 quorumcunque
1799 1582 1970 1621 aliorum

109 1647 289 1686 locorum
331 1659 411 1698 que
457 1648 640 1686 similiter
681 1660 734 1687 ex
767 1649 1001 1703 largicione
1034 1655 1075 1689 et
1117 1650 1346 1690 donacione
1378 1651 1576 1701 principiS
1609 1654 1722 1689 terre
1763 1650 1968 1702 quondam

110 1714 337 1753 u⁷ratislai
373 1715 489 1754 ducis
522 1716 765 1755 Boemorum
798 1718 935 1756 oblata
970 1723 1011 1757 et
1043 1718 1094 1756 ab
1130 1718 1338 1757 Othacaro
1381 1723 1421 1758 et
1454 1718 1723 1758 XVencezlao
1765 1720 1893 1758 tercio
1928 1723 1970 1759 et

112 1787 256 1832 quarto
293 1783 486 1835 Regibus
520 1784 687 1823 Boemie
730 1790 771 1823 et
802 1785 1116 1825 Marchionibus
1150 1787 1342 1826 Morauie
1384 1787 1502 1826 nobis
1537 1792 1577 1827 et
1611 1788 1791 1827 ecclesie
1824 1792 1968 1827 nostre

112 1848 163 1888 de
210 1848 319 1888 sacto
362 1849 596 1889 confirmata
642 1850 829 1903 suerunt„
871 1866 959 1893 cum
1003 1867 1071 1894 res
1118 1855 1253 1894 aliena
1299 1859 1339 1894 et
1381 1857 1579 1907 precipue
1621 1856 1910 1896 ecclesiastica
1944 1869 1968 1895 a

109 1917 362 1968 principibus
396 1919 653 1958 secularibus
687 1919 865 1959 conl'erri
900 1934 978 1961 non
1002 1924 1190 1974 potuerit7
1225 1924 1291 1962 uel
1325 1925 1454 1962 eciam
1479 1922 1708 1963 confirmari
1742 1936 1831 1963 cum
1865 1937 1965 1976 pre-

105 1984 259 2035 judicio
294 1991 332 2024 et
362 1987 524 2035 jactura
559 1989 810 2039 episcopalis
843 1990 1059 2029 Kathedre
1094 1995 1133 2030 et
1168 1991 1245 2030 loci
1279 1991 1505 2042 dyocesani
1531 1992 1816 2032 Olomucensis
1850 1995 1965 2044 epis-

109 2054 200 2103 copi
234 2053 283 2091 ad
320 2065 438 2104 quam
473 2054 785 2095 Oloniucensem
810 2058 1063 2097 Kathedram
1098 2059 1269 2109 predicti
1296 2060 1454 2099 denarii
1490 2061 1541 2099 de
1563 2073 1812 2112 vnoquoque
1845 2062 1966 2102 laneo

109 2124 222 2159 terre
265 2121 487 2161 decimales
535 2129 573 2161 ct
616 2124 772 2164 decima
815 2126 1093 2166 theloneorum
1138 2128 1366 2167 huiusmodi
1410 2129 1684 2180 predictorum
1727 2142 1802 2180 per
1842 2135 1963 2171 totam

109 2189 280 2228 eandem
315 2189 625 2230 Olomuccnscm
670 2193 869 2242 dyocesin
913 2196 1209 2245 pertinlwrunt.
1253 2209 1417 2248 semper
1459 2198 1511 2235 ab
1546 2209 1595 2236 eo
1630 2202 1813 2249 tempore
1847 2200 1964 2238 cuius

109 2259 298 2295 memoria
333 2271 410 2297 non
447 2260 585 2298 existit
629 2268 804 2313 excepto
846 2263 1183 2302 archidiaconatu
1217 2264 1466 2315 Snoymensi
1509 2270 1550 2304 et
1583 2267 1797 2316 provincia
1833 2268 1963 2307 Beto-

108 2325 241 2363 uiensi
275 2327 381 2376 quod
426 2340 498 2378 per
540 2329 666 2368 solam
710 2331 1007 2371 alienauionem
1051 2333 1275 2383 principum
1311 2357 1363 2361 —-
1399 2335 1507 2372 sicut
1540 2335 1732 2385 superius
1767 2342 1831 2374 est
1864 2348 1962 2387 pre-

108 2393 270 2431 missum
313 2408 335 2432 a
378 2396 480 2434 sede
523 2399 745 2448 episcopali
789 2401 1040 2438 abstractum
1076 2400 1126 2439 de
1161 2400 1268 2440 sacto
1304 2400 1439 2441 suerat
1476 2407 1517 2441 et
1550 2404 1778 2454 prescisum
1812 2428 1866 2431 —
1910 2406 1963 2443 Et

108 2472 226 2511 quum
264 2464 514 2502 venerabilis
551 2468 587 2503 in
623 2465 760 2505 frisio
796 2475 913 2518 pater
947 2469 1131 2507 dominus
1166 2469 1452 2509 Olomucensis
1500 2473 1720 2522 episcopus
1762 2472 1848 2511 Nos
1887 2485 1961 2524 pro

106 2530 366 2569 restitutione
401 2534 620 2572 eorundem
658 2536 797 2574 iurium
833 2538 1123 2588 episcopalium
1157 2538 1206 2576 ad
1243 2551 1290 2577 se
1324 2541 1593 2590 spectantium
1635 2553 1715 2591 que
1749 2554 1823 2579 nos
1857 2553 1960 2580 con-

1490 2614 1547 2651 1⁶2
